3037 3800
1346 189 1580 230 —15-

345 358 349 375 .-
391 361 397 378 -,
457 328 564 376 Iam
594 327 854 387 quaeritur
884 327 1127 386 quidnam
1158 328 1222 375 de
1252 327 1422 387 priore
1452 328 1652 387 prologi
1681 332 1825 386 parte
1857 342 1987 387 quae
2018 344 2102 376 vv.
2128 334 2275 374 1—96
2297 329 2583 376 continetur
2611 329 2687 376 iu-

243 372 517 457 dicandum
547 399 626 449 sit.
687 399 833 458 Quos
865 412 1048 447 versus
1098 399 1141 448 si
1189 399 1482 448 summatim
1510 398 1838 460 perlegimus
1885 404 2044 448 totum
2078 401 2334 449 videntur
2350 400 2567 457 efficere,
2618 396 2690 447 ita

241 480 413 526 tamen
441 476 502 521 ut
532 474 636 523 duo
665 472 897 519 membra
927 471 1164 520 distincte
1196 475 1585 532 cognoscantur,
1632 485 1847 530 quorum
1897 474 2112 520 alterum
2158 487 2222 520 ex
2254 473 2495 520 versibus
2529 476 2689 528 1-16,

241 546 458 594 alterum
490 557 608 592 cum
638 542 844 591 insertis
875 541 1114 591 versibus
1139 547 1324 589 -52-63
1355 542 1442 602 qui
1473 545 1707 605 separata
1737 542 1850 590 eius
1871 557 1991 602 pars
2013 549 2132 591 sunt
2153 559 2217 592 ex
2238 544 2479 593 versibus
2514 549 2690 590 17—96

244 619 459 666 constat.-
519 615 602 662 Ab
632 614 714 662 his
743 613 926 662 initum
957 613 1102 673 capio
1134 614 1436 662 disserendi.
1495 615 1663 676 Atque
1693 613 2004 662 Ritsehelius
2041 617 2255 675 (parerg.
2289 621 2378 662 215
2411 617 2544 675 sqq.)
2572 629 2689 674 pro-

243 690 411 737 fectus
444 702 475 734 a
505 702 553 735 v.
586 691 658 744 65,
690 701 755 734 ex
786 700 889 745 quo
922 688 1236 745 spectatores
1264 685 1318 733 in
1350 700 1506 734 cavea
1535 685 1736 734 sedisse
1768 689 1992 745 apparet,
2023 691 2230 745 propter
2259 687 2312 736 id
2342 688 2514 747 ipsum
2550 687 2690 735 hunc

241 774 451 809 versum
483 773 602 807 cum
631 757 1021 818 insequentibus
1051 758 1317 807 Plautinos
1336 771 1442 806 non
1461 771 1617 817 posse
1639 771 1757 805 esse
1780 757 1944 805 evicit.
2007 757 2134 805 Item
2154 763 2361 818 propter
2381 759 2687 807 sententiam

243 831 588 893 suspicionem
620 829 980 891 gravissimam
1009 833 1218 878 movent
1246 842 1433 878 versus
1465 835 1654 876 91—93.
1718 830 2003 886 Praeterea,
2034 829 2088 877 id
2115 832 2251 890 quod
2273 845 2474 878 summa
2495 831 2570 879 rei
2593 835 2687 887 est,

243 904 440 954 cunctis
470 904 553 952 his
583 903 822 950 versibus
855 929 914 935 —-
945 904 1172 963 exceptis
1203 906 1375 950 tamen
1406 907 1583 949 52—63
1603 930 1663 936 —-
1683 916 1784 950 non
1818 906 2013 961 poetae,
2052 903 2145 950 sed
2175 903 2433 951 histrionis
2473 904 2688 952 alicuius

241 991 351 1025 rem
382 975 467 1037 agi
499 975 543 1024 si
573 975 967 1034 respexerimus»,
1014 975 1097 1021 his
1127 974 1257 1034 ipsis
1302 974 1486 1031 causis,
1518 974 1717 1021 etiamsi
1765 974 1891 1020 aliae
1938 988 2042 1021 non
2081 975 2393 1032 accederent,
2432 976 2688 1036 integrum

240 1050 411 1097 locum
459 1061 525 1095 ex
570 1047 752 1094 Plauto
799 1047 964 1094 eicere
1009 1060 1114 1094 non
1145 1045 1506 1095 dubitabimus,
1567 1047 1762 1094 Verum
1793 1046 1932 1106 quod
1979 1046 2155 1093 attinet
2185 1047 2251 1094 ad
2281 1061 2464 1096 versus
2495 1053 2689 1102 52—63‚

243 1119 552 1168 contrarium
583 1121 664 1166 est
692 1118 959 1167 ferendum
989 1118 1247 1167 iudicium.
1310 1118 1523 1166 Plautus
1555 1118 1691 1166 enim
1740 1131 1858 1165 cum
1888 1117 2186 1166 inusitatum
2219 1122 2267 1166 et
2298 1119 2556 1167 insuetum
2588 1120 2688 1166 Ro·

241 1192 407 1240 manis
439 1191 817 1238 comoediarum
847 1203 1015 1250 genus
1045 1190 1289 1237 inducere
1320 1189 1645 1250 fabulamque
1678 1203 1792 1236 eam
1824 1190 2008 1236 docere
2039 1190 2204 1244 vellet,
2236 1191 2287 1236 in
2320 1205 2420 1250 qua
2451 1192 2691 1250 <Iuppiter

244 1277 518 1324 supremus
550 1265 601 1309 et
630 1263 914 1309 Mercurius
945 1263 1082 1309 filius
1113 1262 1431 1309 histrioniam
1477 1276 1593 1309 cum
1637 1262 1882 1321 dignitate
1916 1263 2129 1308 deorum
2174 1263 2434 1322 indignam
2481 1268 2591 1309 tum
2623 1264 2688 1309 ab

241 1335 448 1397 ingenio
481 1338 534 1381 et
582 1334 813 1381 moribus
844 1335 1190 1381 Romanorum
1239 1334 1453 1381 alienam
1501 1335 1736 1389 facerent,
1793 1334 1959 1393 qualis
2004 1335 2210 1380 tandem
2257 1349 2317 1380 ea
2349 1335 2519 1381 fabula
2551 1340 2690 1381 esset

243 1422 396 1468 quam
444 1409 759 1466 spectatores
798 1410 973 1453 essent
1018 1406 1180 1453 visuri
1210 1406 1389 1464 paucis
1408 1400 1634 1466 ‘prologo
1681 1407 1954 1453 ostendere
2002 1410 2210 1454 coactus
2249 1411 2340 1454 est.
2413 1408 2488 1454 En
2537 1407 2691 1454 etiam

243 1492 413 1535 causa,
461 1491 553 1525 cur
588 1478 792 1525 omnino
823 1491 889 1524 ne
927 1477 1227 1538 religionem
1257 1477 1448 1525 violare
1479 1478 1740 1542 videretur
1785 1478 1934 1525 anxie
1981 1482 2182 1525 curaret
2228 1482 2280 1524 et
2310 1480 2491 1526 Jovem
2526 1479 2688 1538 stupri

244 1552 444 1611 culpam
475 1550 528 1598 in
560 1565 617 1598 se
650 1550 997 1598 admittentem
1025 1550 1078 1598 in
1109 1564 1318 1598 scenam
1348 1552 1631 1609 producere
1663 1550 1821 1598 nollet
1851 1551 1950 1597 nisi
1979 1551 2282 1610 purgatione
2315 1551 2394 1598 dei
2427 1566 2579 1610 quem

752 1647 893 1704 „Non
927 1661 1018 1705 par
1047 1647 1250 1695 videtur
1280 1647 1444 1694 facere
1478 1647 1719 1694 delictum
1752 1660 1904 1694 suum

751 1718 1007 1778 Suamque
1041 1718 1243 1778 culpam
1274 1722 1510 1779 expetere
1543 1717 1596 1766 in
1625 1718 1890 1765 mortalem
1921 1721 1978 1765 ut
2010 1718 2184 1773 sinat“,

245 1815 322 1874 (cf.
354 1815 614 1873 490—491)
645 1829 674 1865 a
705 1814 955 1861 Mercurio
986 1814 1091 1861 filio
1122 1815 1418 1873 praemissa.
1480 1815 1654 1874 Itaque
1686 1829 1769 1861 vv.
1803 1819 1980 1860 52—63
2012 1818 2100 1861 aut
2130 1829 2161 1861 a
2189 1815 2370 1862 Plauto
2391 1815 2504 1873 ipso
2526 1815 2687 1862 factos

246 1890 333 1934 aut
363 1886 428 1933 ab
461 1899 522 1932 eo
555 1899 619 1933 ex
651 1886 927 1945 exemplari
960 1887 1154 1934 Graeco
1185 1886 1338 1934 latine
1370 1899 1551 1934 versos
1585 1884 1702 1934 esse
1735 1885 2095 1933 contenderim.
2159 1887 2309 1944 Quod
2340 1886 2463 1932 mihi
2484 1886 2691 1945 quidem

245 1957 522 2006 verisimile
553 1957 756 2006 videtur
788 1972 902 2006 esse
936 1961 1087 2019 atque
1119 1959 1257 2006 haud
1287 1958 1395 2006 scio
1426 1972 1492 2005 an
1524 1959 1772 2005 concedat
1803 1958 1890 2018 qui
1922 1971 2039 2005 cum
2071 1958 2276 2006 fusioris
2323 1958 2458 2005 illius
2489 1958 2690 2006 dicendi

245 2031 449 2089 generis
482 2035 591 2078 tum
610 2032 966 2090 repetitionum
988 2032 1041 2078 in
1061 2032 1141 2079 his
1168 2032 1406 2079 versibus
1438 2032 1692 2079 simillime
1714 2034 1865 2090 atque
1898 2032 1950 2077 in
1972 2032 2259 2091 monologis
2288 2046 2444 2090 supra
2465 2032 2689 2078 tractatis

243 2102 490 2149 factarum
537 2102 615 2160 (cf.
648 2117 695 2149 v.
729 2108 786 2148 59
835 2117 952 2149 cum
998 2118 1046 2150 v.
1078 2108 1136 2148 63
1169 2106 1219 2149 et
1249 2117 1296 2149 v.
1330 2108 1387 2148 57
1421 2116 1537 2150 cum
1568 2117 1617 2149 v.
1650 2105 1726 2159 58)
1773 2103 2071 2149 meminerit.
2137 2103 2403 2160 Quomodo
2436 2107 2607 2149 autem
2639 2103 2688 2149 hi

243 2187 428 2221 versus
458 2173 511 2220 in
544 2174 769 2233 spuriam
800 2174 1001 2234 prologi
1032 2178 1228 2234 partem
1258 2175 1553 2234 irrepserint
1583 2175 1737 2234 paulo
1766 2175 1897 2222 infra
1928 2175 2137 2222 docebo,

459 2269 622 2317 Venio
654 2285 790 2317 nunc
822 2272 886 2318 ad
918 2272 1134 2330 primam
1164 2271 1363 2331 prologi
1394 2275 1589 2330 partem
1621 2285 1751 2330 quae
1784 2271 2021 2318 versibus
2058 2276 2202 2330 1—26
2236 2272 2532 2317 contine-tur.
2595 2270 2688 2316 His

242 2340 480 2388 versibus
513 2341 601 2401 qui
631 2356 724 2400 per
755 2357 810 2390 se
843 2357 907 2390 ne
941 2343 1200 2390 minimam
1232 2344 1436 2403 quidem
1469 2343 1814 2402 suspicionem
1844 2343 2033 2389 habent
2057 2343 2167 2389 sine
2190 2343 2293 2389 ullo
2318 2342 2473 2390 dubio
2496 2342 2685 2389 iustum

244 2415 395 2473 atque
426 2412 669 2462 idoneum
699 2415 898 2474 prologi
931 2416 1078 2475 quasi
1108 2415 1427 2475 prooemium
1457 2415 1614 2472 fieret,
1662 2415 1759 2463 nisi
1806 2429 1965 2462 unum
1997 2414 2189 2474 aliquid
2223 2415 2461 2463 obstaret.
2526 2414 2689 2472 Quae-

242 2484 402 2532 rimus
436 2485 570 2533 enim
619 2486 969 2546 obstupefacti,
1017 2487 1106 2534 ubi
1138 2501 1344 2535 servum
1379 2481 1569 2534 servili*
1596 2487 1784 2551 ¹vestitu
1831 2487 1883 2532 in
1932 2500 2138 2533 scenam
2186 2487 2524 2546 prodeuntem
2571 2499 2688 2532 con-

243 2558 521 2616 speximus
574 2559 809 2618 quisnam
855 2559 938 2606 ille
987 2560 1054 2605 sit
1098 2560 1184 2619 qui
1237 2560 1612 2619 magnificentia
1657 2560 1875 2618 quadam
1928 2559 2200 2604 verborum
2247 2559 2299 2603 in
2346 2558 2689 2603 mercimoniis

243 2630 479 2678 emundis
509 2632 900 2690 vendundisque
932 2632 1165 2679 homines
1198 2646 1255 2679 se
1286 2632 1577 2679 adiuturum
1600 2631 1847 2690 bonisque
1872 2631 2063 2676 nuntiis
2086 2630 2386 2676 effecturum
2407 2630 2687 2688 pollicetur,

244 2702 427 2749 deinde
460 2704 610 2750 etiam
641 2705 807 2763 magis
838 2705 1083 2750 miramur
1113 2706 1252 2764 quod
1283 2708 1594 2764 spectatores
1625 2705 1726 2750 iam
1749 2704 1879 2749 scire
1903 2703 2024 2749 dicit
2046 2702 2144 2749 sibi
2165 2702 2230 2747 ab
2247 2702 2357 2748 deis
2379 2703 2491 2748 aliis
2514 2704 2690 2748 datum

245 2787 376 2831 esse,
409 2779 467 2821 ut
496 2775 688 2822 nuntiis
719 2780 984 2835 praeesset
1022 2779 1074 2821 et
1102 2777 1260 2823 lucro.
1322 2777 1493 2823 Versu
1524 2777 1726 2822 demum
1763 2782 1816 2820 19
1863 2778 2133 2833 postquam
2182 2775 2245 2820 de
2276 2789 2332 2819 re
2363 2775 2462 2819 alia
2493 2779 2688 2832 specta-

243 2848 388 2905 tores
418 2847 602 2894 docere
635 2849 803 2907 coepit
847 2863 1032 2895 nomen
1083 2862 1233 2895 suum
1281 2863 1397 2895 sero
1443 2849 1510 2895 ad
1554 2847 1984 2907 exspectationem
2014 2849 2242 2893 nostram
2289 2846 2493 2904 profert.
2556 2845 2691 2892 Fieri

244 2922 416 2966 autem
447 2920 587 2966 nullo
619 2921 772 2967 modo
803 2921 968 2978 potuit
997 2925 1055 2967 ut
1084 2921 1298 2967 Plautus
1319 2921 1626 2967 Mercurium
1657 2922 1808 2966 deum
1841 2920 2012 2966 servili
2043 2919 2233 2965 vestitu
2264 2919 2463 2977 prologi
2493 2924 2688 2976 partem

244 2992 484 3049 agentem
529 2990 806 3049 induceret,
857 2991 956 3039 nisi
1004 2994 1152 3039 antea
1197 2991 1312 3051 quis
1361 2995 1499 3039 esset
1546 2991 1733 3039 diserte
1781 2990 2117 3050 exposuisset.
2179 2990 2313 3036 Nam
2359 2990 2411 3036 in
2450 2989 2689 3037 omnibus

240 3061 408 3111 Plauti
447 3063 632 3112 fabulis
665 3064 760 3122 dei,
807 3064 895 3112 ubi
944 3064 1143 3125 prologi
1175 3077 1332 3112 causa
1373 3064 1426 3112 in
1459 3077 1661 3112 scenam
1692 3063 1958 3122 prodeunt,
2007 3062 2058 3110 in
2107 3062 2370 3110 Aulularia
2404 3061 2687 3110 Cistellaria

240 3135 477 3185 Rudente
509 3136 818 3195 Trinummo,
866 3137 1007 3196 prius
1055 3137 1229 3197 utique
1273 3137 1362 3197 qui
1392 3137 1493 3184 sint
1530 3149 1680 3195 quam
1728 3135 1850 3195 quid
1895 3135 2055 3183 velint
2084 3135 2428 3195 pronuntiant.
2493 3131 2690 3192 Quodsi

240 3206 311 3252 ita
340 3206 509 3256 facere
554 3221 658 3256 non
703 3209 984 3270 neglegunt
1030 3221 1338 3269 quamquam
1368 3208 1481 3268 ipso
1514 3210 1693 3254 ornatu
1741 3220 1797 3254 se
1845 3208 1971 3254 deos
2003 3220 2120 3253 esse
2163 3207 2468 3268 significant,
2501 3210 2691 3266 quanto

241 3279 407 3340 magis
438 3281 722 3330 Mercurius
769 3282 988 3329 debebat
1027 3281 1303 3341 imaginem
1348 3281 1516 3327 ferens
1564 3280 1829 3326 servilem!
1892 3279 2109 3326 Nomine
2149 3283 2323 3326 autem
2353 3279 2592 3326 Mercurii
2639 3279 2692 3325 in

241 3349 383 3398 initio
413 3354 614 3413 prologi
637 3357 1031 3401 commemorato
1054 3367 1171 3400 cum
1193 3357 1361 3399 cetera
1380 3366 1543 3411 usque
1567 3354 1631 3398 ad
1653 3367 1700 3398 v.
1727 3358 1780 3397 16
1813 3356 1921 3398 tum
1942 3366 1988 3397 v.
2015 3357 2190 3397 11—12
2213 3352 2300 3411 qui
2322 3351 2469 3397 aliter
2499 3351 2692 3410 percipi
