3037 3800
1309 230 1368 242 ὁ
1403 195 1549 254 17-

220 377 233 383 ··
247 378 254 384 ·
268 353 279 380 '·
325 362 327 364 ·
416 351 497 399 De
526 365 610 400 vv.
643 357 792 399 9-10
813 349 1079 407 eiciendis,
1109 348 1316 410 quippe
1361 349 1469 410 qui
1474 355 1660 410 neque
1706 364 1822 398 cum
1861 349 2283 398 antecedentibus
2328 363 2496 410 neque
2535 363 2653 398 cum

115 420 117 422 ’
199 423 593 486 insequentibus
640 423 830 490 conexi
854 416 969 480 sint,
1015 421 1132 470 sed
1142 427 1325 469 'comm
1372 420 1754 470 continuitatem
1799 425 2072 497 praerupte
2117 422 2504 481 interrumpent,
2550 422 2653 471 iam

200 500 358 557 supra
389 495 659 559 disputavi.
666 495 704 555 ¹)
1107 511 1128 520 ⁴·

277 587 279 589 ’
355 576 358 578 ’
414 571 511 628 Vv.
547 584 600 625 11·
620 573 722 626 '·-15'
751 578 1022 635 Charinus,
1040 578 1193 638 quod
1224 577 1356 626 scire
1371 578 1430 625 111
1459 577 1637 638 primis
1671 578 1985 636 spectatores
2005 592 2218 626 necesse
2241 579 2334 636 est,
2365 580 2488 638 post
2511 577 2650 626 bien-

197 653 348 719 11111111
370 652 567 710 Rhode,
599 664 701 714 quo
733 650 800 699 ad
830 652 1110 698 mercatum
1141 663 1172 697 a
1199 646 1344 710 patre
1374 649 1574 699 missus
1596 653 1748 707 esset,
1781 662 1839 697 se
1870 649 2143 697 revertisse
2166 650 2393 698 Athenas
2426 650 2650 711 exponit.

197 725 281 773 Ibi
303 716 480 772 amore
512 722 743 786 mulieris
774 736 832 770 se
864 725 1070 782 captum
1113 734 1251 780 esse,
1298 721 1438 783 quod
1467 722 1900 783 quemadmodum
1929 721 2156 769 evenerit
2199 722 2301 770 iam
2348 726 2649 773 narraturus

199 800 291 845 est.
354 795 458 844 Sed
487 794 607 843 inde
638 804 690 842 a.
716 809 762 843 v.
794 799 876 841 40
901 791 1108 843 demum
1138 793 1449 855 promissum
1481 793 1672 854 explet,
1710 792 1951 842 versibus
1997 791 2384 853 insequentibus
2431 795 2647 856 (ιθ-39)

196 874 411 929 prorsus
441 860 581 916 aliud
611 865 730 926 agit.
792 865 898 923 lam
929 865 1188 935 quaeritur
1216 865 1458 927 quidnam
1478 865 1531 914 hi
1551 878 1736 914 versus
1757 865 1857 913 sibi
1877 864 2049 912 velint.
2111 865 2188 912 Ex
2219 866 2442 925 quibus
2427 880 2480 913 ιιι
2500 872 2645 924 v.17‚

198 946 515 1000 quamquam
549 937 603 985 in
633 936 776 984 libris
822 937 972 997 plane
1004 930 1304 996 corruptum
1348 948 1464 984 eum
1494 937 1729 997 legimus,
1777 935 2091 984 sententiam
2127 941 2297 983 tamen
2340 938 2495 1000 talem
2539 938 2646 985 fere

196 1011 369 1071 fuisse·
387 1012 611 1071 apparet,
644 1007 846 1070 qualem
877 1008 932 1057 F.
964 1005 1068 1056 Leo
1098 1007 1152 1056 in
1183 1006 1403 1057 editione
1429 1021 1522 1057 sua
1551 1009 1787 1057 adnotat:
1819 1008 2031 1056 miratur
2051 1007 2187 1055 enim
2211 1007 2474 1067 Charinus,
2506 1011 2645 1070 quod

194 1087 278 1132 v'v
315 1076 490 1129 11-13
520 1087 606 1128 res
637 1074 754 1128 ante
787 1084 926 1128 actas
959 1080 1184 1128 strictius
1213 1080 1525 1140 breviusque
1553 1084 1711 1140 ‘quain
1741 1094 1835 1139 pro
1867 1083 2091 1127 amatore
2124 1081 2429 1139 exposuerit.
2491 1082 2643 1128 Amo-

111 1172 113 1174 ·
194 1167 305 1202 rem
335 1154 472 1212 enim
503 1166 622 1200 cum
650 1154 810 1200 multa
839 1153 938 1199 alia
968 1151 1091 1199 vitia
1120 1155 1230 1198 tum
1259 1152 1646 1211 multiloquium,
1688 1153 1827 1211 quod
1846 1153 2018 1199 tamen
2049 1152 2203 1198 modo
2234 1153 2644 1212 parumloquium

194 1227 351 1274 modo
379 1220 760 1286 pauciloquium
791 1224 870 1281 sit,
903 1223 1069 1272 solere
1102 1223 1299 1271 sectari.
1360 1223 1470 1271 Hoc
1499 1223 1820 1284 multiloquio
1851 1225 1909 1271 ut
1939 1222 2073 1310 sibi
2058 1237 2111 1270 111
2132 1222 2352 1271 miseriis
2377 1223 2484 1272 suis
2509 1225 2644 1284 apud

195 1296 510 1359 spectatores
542 1296 838 1345 enarrandis
869 1295 1019 1344 liceat
1048 1295 1121 1343 uti
1155 1295 1219 1343 ab
1251 1295 1325 1343 eis
1357 1295 1506 1356 petit-.'

330 1435 333 1439 ,
411 1387 507 1445 Qui
555 1387 700 1433 locus
748 1386 1106 1454 gravissimam
1157 1385 1302 1432 affert
1348 1386 1725 1450 dubitationem.
1804 1387 1879 1432 Ac
1928 1385 2154 1444 primum
2201 1385 2408 1445 quidem
2459 1386 2643 1433 mirum

192 1459 409 1515 videtur,
442 1458 591 1518 quod'
611 1454 865 1506 Charinus
896 1456 1043 1518 quasi
1075 1456 1370 1521 duplicem')
1400 1458 1451 1519 111
1483 1472 1539 1507 50
1571 1464 1805 1518 naturam
1838 1471 1954 1524 esse
2002 1457 2241 1517 conscius
2290 1462 2382 1515 est,
2428 1472 2641 1518 quarum

193 1530 350 1577 altera
381 1543 512 1590 quae
543 1528 595 1576 in
626 1528 829 1589 prologi
859 1529 1091 1593 partibus
1121 1529 1289 1590 posita
1321 1533 1400 1578 est
1431 1531 1494 1577 ad
1515 1534 1874 1592 argumentum
1905 1543 2059 1590 quam
2079 1529 2382 1578 brevissime
2406 1543 2641 1578 enarran-

192 1595 329 1658 dum,
373 1601 536 1654 *altera
582 1599 924 1647 adulescentis
972 1601 1184 1661 eiusque
1227 1602 1466 1648 amatoris
1513 1603 1578 1650 ad
1625 1601 1997 1660 multiloquium
2045 1601 2182 1648 vitiis
2220 1602 2559 1662 parumloquii
2592 1607 2642 1649 et

189 1671 498 1733 pauciloquii
530 1672 813 1719 coniunctis
843 1672 1016 1730 fertur,
1064 1672 1330 1733 magisque
1379 1672 1529 1725 etiam
1575 1673 1762 1721 mirum
1808 1673 1945 1732 quod
1992 1672 2091 1720 ista
2139 1673 2275 1733 apud
2325 1676 2639 1733 spectatores

191 1739 309 1805 data
340 1757 495 1804 opera
523 1743 801 1804 profitetur.
864 1744 996 1790 Nam
1043 1745 1107 1793 ad
1138 1742 1424 1805 argumenti
1469 1741 1811 1792 narrationem
1856 1744 1974 1792 inde
2023 1759 2052 1791 a
2094 1759 2141 1790 V.
2174 1750 2234 1790 40
2279 1758 2550 1805 regressus
2583 1749 2640 1792 ut

189 1815 508 1876 multiloquio
539 1814 711 1871 utitur,
758 1815 841 1871 ita,
888 1819 947 1861 111
975 1815 1106 1861 infra
1143 1816 1420 1871 docebitur,
1466 1816 1879 1874 parumloquium
1927 1819 1977 1862 et
2006 1816 2392 1875 pauciloquium
2417 1817 2637 1875 pruden-

188 1887 385 1943 tissime
417 1891 568 1947 atque
601 1887 990 1947 diligentissime
1024 1891 1183 1934 cavet.
1246 1888 1443 1935 Deinde
1474 1888 1632 1938 totius
1664 1887 1816 1934 huius
1848 1886 1947 1935 loci
1989 1886 2288 1946 compositio
2319 1889 2424 1936 tam
2455 1887 2640 1936 inscita

190 1963 282 2018 est,
329 1963 387 2007 ut
416 1973 584 2021 neque
615 1959 929 2021 Philemonis
957 1973 1124 2019 neque
1155 1958 1324 2006 Plauti
1354 1959 1561 2021 ingenio
1594 1959 1750 2019 digna
1781 1959 2015 2006 videatur
2046 1972 2176 2015 esse,
2215 1962 2391 2018 utpote
2423 1973 2554 2019 quae
2584 1959 2636 2009 in

189 2032 569 2093 enumerandis
594 2031 731 2078 vitiis
780 2040 1005 2078 amorem
1053 2031 1385 2091 sequentibus
1427 2025 1708 2092 elegantiae
1756 2024 2095 2090 descriptione
2141 2030 2311 2091 inepte
2358 2031 2638 2092 interrupta

185 2104 402 2163 illorum,
434 2107 492 2149 ut
520 2103 805 2150 rectissime
837 2103 906 2150 ait
935 2095 989 2150 F'.
1022 2099 1144 2160 Leo.
1176 2103 1434 2171 „ordinem
1463 2103 1661 2155 nullum
1681 2103 1937 2162 praebeat,
1970 2103 2063 2168 sed
2085 2103 2340 2151 fortuitam
2363 2106 2413 2151 et
2435 2104 2636 2164 qualem

185 2189 369 2222 versus
400 2175 723 2234 patiebantur
750 2175 1072 2235 farraginem.
1079 2178 1112 2198 “·
1165 2176 1294 2223 Tum
1333 2176 1384 2223 hi
1414 2189 1612 2233 versus
1661 2174 1748 2234 qui
1782 2175 1845 2224 ad
1894 2179 2254 2236 argumentum
2285 2175 2490 2223 omnino
2534 2189 2635 2223 non

185 2248 482 2306 pertineant,
531 2247 711 2294 cantici
741 2247 913 2306 potius
944 2252 1098 2307 quam
1142 2247 1342 2308 prologi
1372 2248 1612 2297 videntur
1642 2260 1783 2295 esse.
1834 2247 2081 2308 Denique,
2130 2248 2269 2309 quod
2315 2248 2397 2295 vel
2430 2248 2634 2296 maximi

185 2318 429 2366 momenti
461 2332 576 2366 esse
611 2333 810 2376 θθιιθθο,
843 2332 1090 2367 versuum
1123 2323 1191 2367 15.
1226 2316 1276 2367 et
1305 2325 1378 2368 40.
1409 2318 1721 2380 perpetuitas
1750 2319 1987 2368 versibus
2012 2324 2187 2367 16-39
2221 2320 2395 2367 eiectis
2427 2320 2478 2367 in
2509 2320 2633 2366 inte-

182 2406 335 2450 grum
365 2385 661 2438 restituitur.

372 2474 492 2521 His
526 2463 782 2536 expositis
803 2473 924 2533 quin
958 2473 1155 2533 integer
1200 2474 1297 2522 iste
1343 2475 1487 2522 locus
1532 2473 1590 2523 111
1638 2474 1844 2533 spurius
1888 2488 1919 2521 a
1949 2474 2131 2522 Plauto
2164 2474 2531 2522 abiudicandus
2567 2475 2633 2521 sit

183 2545 270 2594 vix
300 2549 471 2606 potest
502 2545 735 2594 dubitari.
776 2536 976 2614 Neque
1025 2544 1160 2596 enim
1192 2545 1236 2594 si
1281 2546 1337 2595 F.
1368 2544 1554 2595 Leonis
1603 2542 1874 2594 consilium
1920 2545 2084 2594 secuti
2130 2560 2213 2593 vv,
2248 2550 2426 2592 20-30
2459 2559 2627 2592 serva-

183 2617 408 2666 verimus
439 2617 718 2678 quidquam
748 2596 1115 2666 adjuvabimur
1176 2618 1309 2666 Nam
1338 2621 1694 2683 praeterquam
1725 2619 1864 2679 quod
1895 2617 2267 2666 dubitationum
2306 2631 2433 2677 quas
2475 2618 2629 2665 modo

180 2688 691 2738 commemoravimus
721 2688 809 2736 vix
829 2702 933 2737 una
952 2689 1155 2747 tollitur,
1189 2689 1500 2737 enumeratio
1521 2689 1608 2736 1113
1626 2690 1880 2746 vitiorum,
1914 2703 2045 2748 quae
2067 2689 2238 2735 verbis
2264 2690 2417 2745 „haec
2439 2692 2623 2734 cuncta

181 2760 329 2809 vitia“
365 2759 694 2822 significatur,
740 2760 952 2821 prolatis
982 2762 1136 2809 modo
1169 2775 1292 2809 cura
1322 2761 1638 2822 aegritudine
1687 2761 1940 2820 elegantia
1990 2759 2306 2819 multiloquio
2358 2774 2460 2805 non
2492 2773 2627 2806 com-

179 2832 358 2890 pletur.
424 2832 690 2889 Quomodo
723 2837 893 2892 autem
923 2847 1108 2881 versus
1138 2833 1222 2882 isti
1243 2833 1296 2881 in
1326 2834 1594 2894 prologum
1615 2833 1910 2880 Plautinum
1937 2832 2232 2892 irrepserint
2254 2831 2297 2878 si
2320 2831 2626 2891 quaerimus,

399 2983 429 3034 ¹)
458 2980 520 3024 Ne
547 2980 591 3023 F.
612 2980 698 3023 Leo
726 2980 891 3035 quidem
918 2980 1196 3037 disputatione
1223 2992 1301 3024 sua
1329 2980 1518 3037 quamvis
1546 2980 1684 3023 subtili
1712 2984 1838 3036 atque
1856 2980 1978 3024 docta
1997 2978 2287 3032 (Plautinische
2306 2977 2621 3032 Forschungen‚

178 3045 312 3090 Berlin
347 3050 466 3101 1895)
494 3047 739 3090 didascalias
767 3046 859 3090 illas
886 3047 1165 3090 necessariam
1193 3050 1234 3090 et
1260 3059 1359 3090 vere
1387 3046 1613 3106 Plautinam
1641 3047 1914 3102 prologorum
1956 3050 2113 3101 partem
2154 3056 2250 3088 esse
2277 3047 2445 3099 propter
2473 3056 2625 3087 causas

179 3111 355 3155 incertas
383 3115 424 3155 et
451 3124 503 3155 ex
531 3113 804 3155 incertissima
844 3112 1042 3154 librorum
1069 3112 1287 3155 traditione
1313 3113 1575 3168 potissimum
1617 3113 1766 3168 petitas
1795 3113 1893 3155 mihi
1922 3112 2137 3167 persuasit.
2195 3109 2396 3164 Equidem
2425 3110 2624 3164 quoniam

179 3181 314 3221 cetera
356 3172 491 3233 magis
532 3178 657 3222 dubia
699 3181 796 3221 sunt
837 3178 951 3220 nulla
994 3178 1074 3220 alia
1115 3189 1160 3220 re
1201 3177 1281 3220 nisi
1322 3178 1473 3220 fabulis
1513 3177 1637 3233 ipsis·
1660 3181 1705 3221 ut
1747 3181 1845 3221 sunt
1871 3180 2061 3221 servatae
2088 3176 2464 3231 sententiarumque
2491 3175 2532 3218 in
2561 3175 2624 3219 eis

178 3242 440 3287 cohaerentia
467 3247 590 3300 atque
618 3244 885 3300 perpetuitate
914 3269 965 3276 -—
994 3244 1036 3287 id
1063 3241 1183 3299 quod
1203 3243 1351 3287 iterum
1378 3256 1522 3299 premo
1551 3269 1602 3275 —
1632 3243 1699 3287 hic
1725 3241 1866 3287 ducor.
1925 3245 1956 3296 ²)
1984 3241 2110 3294 Quod
2130 3253 2428 3297 nonnunquam
2456 3241 2498 3284 in
2527 3252 2624 3297 pro—

175 3308 286 3362 logis
312 3306 402 3353 fieri
431 3309 732 3354 Trautweinius
759 3310 801 3353 in
830 3306 1129 3354 dissertatione
1147 3321 1225 3353 sua
1252 3310 1304 3354 de
1330 3311 1616 3366 'prologorum
1645 3310 1923 3354 plautinorum
1965 3308 2102 3351 indole
2143 3311 2267 3363 atque
2293 3310 2442 3351 natura
2468 3306 2623 3360 (Berlin

181 3376 300 3427 1893)
330 3379 440 3418 recte
462 3376 690 3431 explicavit.
2348 3403 2352 3406 »

2476 3477 2500 3512 3
