<?xml version="1.0" encoding="UTF-8"?>
<!DOCTYPE html PUBLIC "-//W3C//DTD XHTML 1.0 Transitional//EN"
    "http://www.w3.org/TR/xhtml1/DTD/xhtml1-transitional.dtd">
<html xmlns="http://www.w3.org/1999/xhtml" xml:lang="en" lang="en">
 <head>
  <title>
</title>
<meta http-equiv="Content-Type" content="text/html;charset=utf-8" />
  <meta name='ocr-system' content='tesseract 3.04.00' />
  <meta name='ocr-capabilities' content='ocr_page ocr_carea ocr_par ocr_line ocrx_word'/>
</head>
<body>
  <div class='ocr_page' id='page_1' title='image "4766163_0019.png"; bbox 0 0 3037 3800; ppageno 0'>
   <div class='ocr_carea' id='block_1_1' title="bbox 1379 203 1618 244">
    <p class='ocr_par' dir='ltr' id='par_1_1' title="bbox 1379 203 1618 244">
     <span class='ocr_line' id='line_1_1' title="bbox 1379 203 1618 244; baseline -0.004 -12"><span class='ocrx_word' id='word_1_1' title='bbox 1379 203 1618 244; x_wconf 70' lang='lat'>-12-</span> 
     </span>
    </p>
   </div>
   <div class='ocr_carea' id='block_1_2' title="bbox 263 340 2733 606">
    <p class='ocr_par' dir='ltr' id='par_1_2' title="bbox 263 340 2733 606">
     <span class='ocr_line' id='line_1_2' title="bbox 265 340 2733 425; baseline 0.001 -36"><span class='ocrx_word' id='word_1_2' title='bbox 265 343 452 401; x_wconf 65' lang='lat' dir='ltr'><strong>poetae</strong></span> <span class='ocrx_word' id='word_1_3' title='bbox 482 340 706 389; x_wconf 71' lang='lat' dir='ltr'><strong>nemis</strong></span> <span class='ocrx_word' id='word_1_4' title='bbox 731 340 1172 389; x_wconf 69' lang='lat' dir='ltr'><strong>commemoratio</strong></span> <span class='ocrx_word' id='word_1_5' title='bbox 1199 354 1297 402; x_wconf 81' lang='lat' dir='ltr'><strong>per</strong></span> <span class='ocrx_word' id='word_1_6' title='bbox 1326 355 1385 390; x_wconf 83' lang='lat' dir='ltr'><strong>se</strong></span> <span class='ocrx_word' id='word_1_7' title='bbox 1414 341 1778 425; x_wconf 58' lang='lat' dir='ltr'><strong>suspicionem,</strong></span> <span class='ocrx_word' id='word_1_8' title='bbox 1825 347 1884 390; x_wconf 89' lang='lat' dir='ltr'><strong>ut</strong></span> <span class='ocrx_word' id='word_1_9' title='bbox 1925 341 2208 397; x_wconf 83' lang='lat' dir='ltr'><strong>Dziatzko¹)</strong></span> <span class='ocrx_word' id='word_1_10' title='bbox 2252 345 2417 390; x_wconf 77' lang='lat' dir='ltr'><strong>necte</strong></span> <span class='ocrx_word' id='word_1_11' title='bbox 2437 341 2578 398; x_wconf 82' lang='lat' dir='ltr'><strong>vidit,</strong></span> <span class='ocrx_word' id='word_1_12' title='bbox 2628 356 2733 391; x_wconf 82' lang='lat' dir='ltr'><strong>non</strong></span> 
     </span>
     <span class='ocr_line' id='line_1_3' title="bbox 263 412 2732 474; baseline 0 -12"><span class='ocrx_word' id='word_1_13' title='bbox 263 412 437 474; x_wconf 75' lang='lat' dir='ltr'><strong>magis</strong></span> <span class='ocrx_word' id='word_1_14' title='bbox 465 412 625 461; x_wconf 80' lang='lat' dir='ltr'><strong>habet</strong></span> <span class='ocrx_word' id='word_1_15' title='bbox 653 426 812 473; x_wconf 80' lang='lat' dir='ltr'><strong>quam</strong></span> <span class='ocrx_word' id='word_1_16' title='bbox 843 412 1063 473; x_wconf 77' lang='lat' dir='ltr'>simplex</span> <span class='ocrx_word' id='word_1_17' title='bbox 1093 412 1299 462; x_wconf 72' lang='lat' dir='ltr'><strong>fabulae</strong></span> <span class='ocrx_word' id='word_1_18' title='bbox 1324 412 1552 462; x_wconf 68' lang='lat' dir='ltr'><strong>nominis</strong></span> <span class='ocrx_word' id='word_1_19' title='bbox 1581 413 1787 462; x_wconf 82' lang='lat' dir='ltr'><strong>mentio.</strong></span> <span class='ocrx_word' id='word_1_20' title='bbox 1790 413 1830 473; x_wconf 76' lang='lat'><strong>⁸)</strong></span> <span class='ocrx_word' id='word_1_21' title='bbox 1887 412 1998 462; x_wconf 70' lang='lat' dir='ltr'><strong>Nec</strong></span> <span class='ocrx_word' id='word_1_22' title='bbox 2029 417 2201 461; x_wconf 85' lang='lat' dir='ltr'><strong>tamen</strong></span> <span class='ocrx_word' id='word_1_23' title='bbox 2232 416 2413 462; x_wconf 80' lang='lat' dir='ltr'><strong>omnes</strong></span> <span class='ocrx_word' id='word_1_24' title='bbox 2443 413 2732 472; x_wconf 76' lang='lat' dir='ltr'><strong>eiusmodi</strong></span> 
     </span>
     <span class='ocr_line' id='line_1_4' title="bbox 268 483 2733 606; baseline -0 -73"><span class='ocrx_word' id='word_1_25' title='bbox 268 485 706 606; x_wconf 48' lang='grc' dir='ltr'><strong>ζῖἓὲὶςζέἑιιιιιοε</strong></span> <span class='ocrx_word' id='word_1_26' title='bbox 738 498 856 533; x_wconf 85' lang='lat' dir='ltr'><strong>esse</strong></span> <span class='ocrx_word' id='word_1_27' title='bbox 886 485 1148 546; x_wconf 72' lang='lat' dir='ltr'><strong>putandos</strong></span> <span class='ocrx_word' id='word_1_28' title='bbox 1179 485 1482 543; x_wconf 73' lang='lat' dir='ltr'><strong>censuerim,</strong></span> <span class='ocrx_word' id='word_1_29' title='bbox 1520 485 1624 534; x_wconf 84' lang='lat' dir='ltr'><strong>sed</strong></span> <span class='ocrx_word' id='word_1_30' title='bbox 1639 485 1864 548; x_wconf 83' lang='lat' dir='ltr'><strong>singuli-</strong></span> <span class='ocrx_word' id='word_1_31' title='bbox 1875 485 2059 577; x_wconf 77' lang='lat' dir='ltr'><strong>potius</strong></span> <span class='ocrx_word' id='word_1_32' title='bbox 2076 483 2340 565; x_wconf 81' lang='lat' dir='ltr'><strong>singular-i</strong></span> <span class='ocrx_word' id='word_1_33' title='bbox 2367 483 2557 533; x_wconf 89' lang='lat' dir='ltr'><strong>iudicio</strong></span> <span class='ocrx_word' id='word_1_34' title='bbox 2594 483 2733 533; x_wconf 88' lang='lat' dir='ltr'><strong>subi-</strong></span> 
     </span>
    </p>
   </div>
   <div class='ocr_carea' id='block_1_3' title="bbox 265 634 2765 1507">
    <p class='ocr_par' dir='ltr' id='par_1_3' title="bbox 265 634 2765 1507">
     <span class='ocr_line' id='line_1_5' title="bbox 485 634 2765 722; baseline -0.001 -15"><span class='ocrx_word' id='word_1_35' title='bbox 485 634 773 718; x_wconf 84' lang='lat' dir='ltr'><strong>Separatim</strong></span> <span class='ocrx_word' id='word_1_36' title='bbox 793 658 1065 720; x_wconf 82' lang='lat' dir='ltr'><strong>agendum</strong></span> <span class='ocrx_word' id='word_1_37' title='bbox 1095 663 1177 707; x_wconf 88' lang='lat' dir='ltr'><strong>est</strong></span> <span class='ocrx_word' id='word_1_38' title='bbox 1204 660 1272 706; x_wconf 85' lang='lat' dir='ltr'><strong>de</strong></span> <span class='ocrx_word' id='word_1_39' title='bbox 1293 659 1638 719; x_wconf 54' lang='lat' dir='ltr'><strong>quibusdam?</strong></span> <span class='ocrx_word' id='word_1_40' title='bbox 1609 675 1677 708; x_wconf 87' lang='lat' dir='ltr'><strong>m</strong></span> <span class='ocrx_word' id='word_1_41' title='bbox 1694 660 1929 722; x_wconf 68' lang='lat' dir='ltr'><strong>prologis</strong></span> <span class='ocrx_word' id='word_1_42' title='bbox 1946 659 2148 713; x_wconf 63' lang='lat' dir='ltr'><strong>&gt;infficiis</strong></span> <span class='ocrx_word' id='word_1_43' title='bbox 2180 673 2325 721; x_wconf 79' lang='lat' dir='ltr'><strong>quae</strong></span> <span class='ocrx_word' id='word_1_44' title='bbox 2336 651 2733 719; x_wconf 79' lang='lat' dir='ltr'><strong>didascolioruin</strong></span> <span class='ocrx_word' id='word_1_45' title='bbox 2761 713 2765 716; x_wconf 18' lang='lat'><em>⁷</em></span> 
     </span>
     <span class='ocr_line' id='line_1_6' title="bbox 268 727 2734 792; baseline 0 -14"><span class='ocrx_word' id='word_1_46' title='bbox 268 732 322 779; x_wconf 89' lang='lat' dir='ltr'><strong>in</strong></span> <span class='ocrx_word' id='word_1_47' title='bbox 352 731 566 778; x_wconf 88' lang='lat' dir='ltr'><strong>modum</strong></span> <span class='ocrx_word' id='word_1_48' title='bbox 598 730 883 790; x_wconf 85' lang='lat' dir='ltr'><strong>composita</strong></span> <span class='ocrx_word' id='word_1_49' title='bbox 929 731 1139 779; x_wconf 83' lang='lat' dir='ltr'><strong>nomina</strong></span> <span class='ocrx_word' id='word_1_50' title='bbox 1183 734 1236 778; x_wconf 89' lang='lat' dir='ltr'><strong>et</strong></span> <span class='ocrx_word' id='word_1_51' title='bbox 1262 729 1470 779; x_wconf 61' lang='lat' dir='ltr'><strong>fabulae</strong></span> <span class='ocrx_word' id='word_1_52' title='bbox 1493 730 1786 792; x_wconf 68' lang='lat' dir='ltr'><strong>Graeciqtie</strong></span> <span class='ocrx_word' id='word_1_53' title='bbox 1812 727 2064 792; x_wconf 55' lang='lat' dir='ltr'><strong>“wli</strong></span> <span class='ocrx_word' id='word_1_54' title='bbox 2081 735 2139 780; x_wconf 79' lang='lat' dir='ltr'><strong>et</strong></span> <span class='ocrx_word' id='word_1_55' title='bbox 2181 729 2450 792; x_wconf 73' lang='lat' dir='ltr'><strong>poetarum</strong></span> <span class='ocrx_word' id='word_1_56' title='bbox 2478 730 2647 779; x_wconf 85' lang='lat' dir='ltr'><strong>Lat&#39;mi</strong></span> <span class='ocrx_word' id='word_1_57' title='bbox 2672 744 2734 778; x_wconf 86' lang='lat' dir='ltr'><strong>ac</strong></span> 
     </span>
     <span class='ocr_line' id='line_1_7' title="bbox 266 801 2732 864; baseline -0 -14"><span class='ocrx_word' id='word_1_58' title='bbox 266 802 451 850; x_wconf 85' lang='lat' dir='ltr'><strong>Graeci</strong></span> <span class='ocrx_word' id='word_1_59' title='bbox 481 801 779 862; x_wconf 86' lang='lat' dir='ltr'><strong>praebeant.</strong></span> <span class='ocrx_word' id='word_1_60' title='bbox 843 803 960 861; x_wconf 85' lang='lat' dir='ltr'><strong>Quo</strong></span> <span class='ocrx_word' id='word_1_61' title='bbox 990 802 1044 850; x_wconf 91' lang='grc' dir='ltr'><strong>ιιι</strong></span> <span class='ocrx_word' id='word_1_62' title='bbox 1073 815 1290 850; x_wconf 90' lang='lat' dir='ltr'><strong>numero</strong></span> <span class='ocrx_word' id='word_1_63' title='bbox 1334 805 1460 850; x_wconf 85' lang='lat' dir='ltr'><strong>sunt</strong></span> <span class='ocrx_word' id='word_1_64' title='bbox 1506 803 1708 864; x_wconf 72' lang='lat' dir='ltr'><strong>prdogi</strong></span> <span class='ocrx_word' id='word_1_65' title='bbox 1739 802 2006 851; x_wconf 78' lang='lat' dir='ltr'><strong>Asinariae</strong></span> <span class='ocrx_word' id='word_1_66' title='bbox 2048 801 2270 851; x_wconf 59' lang='lat' dir='ltr'><strong>Dahae</strong></span> <span class='ocrx_word' id='word_1_67' title='bbox 2284 801 2597 851; x_wconf 71' lang='lat' dir='ltr'><strong>Mereatur-is</strong></span> <span class='ocrx_word' id='word_1_68' title='bbox 2628 801 2732 849; x_wconf 84' lang='lat' dir='ltr'><strong>Tri-</strong></span> 
     </span>
     <span class='ocr_line' id='line_1_8' title="bbox 265 873 2733 935; baseline 0 -13"><span class='ocrx_word' id='word_1_69' title='bbox 265 873 476 922; x_wconf 86' lang='lat' dir='ltr'><strong>nummi.</strong></span> <span class='ocrx_word' id='word_1_70' title='bbox 540 873 737 921; x_wconf 91' lang='lat' dir='ltr'><strong>Verum</strong></span> <span class='ocrx_word' id='word_1_71' title='bbox 768 887 834 921; x_wconf 86' lang='lat' dir='ltr'><strong>ex</strong></span> <span class='ocrx_word' id='word_1_72' title='bbox 870 873 952 922; x_wconf 90' lang='lat' dir='ltr'><strong>his</strong></span> <span class='ocrx_word' id='word_1_73' title='bbox 985 873 1232 934; x_wconf 79' lang='lat' dir='ltr'>prologus</span> <span class='ocrx_word' id='word_1_74' title='bbox 1263 873 1547 928; x_wconf 82' lang='lat' dir='ltr'><strong>Asinariae,</strong></span> <span class='ocrx_word' id='word_1_75' title='bbox 1583 875 1722 935; x_wconf 80' lang='lat' dir='ltr'><strong>quod</strong></span> <span class='ocrx_word' id='word_1_76' title='bbox 1752 873 1883 922; x_wconf 79' lang='lat' dir='ltr'><strong>infra</strong></span> <span class='ocrx_word' id='word_1_77' title='bbox 1912 874 2197 931; x_wconf 76' lang='lat' dir='ltr'><strong>ostendm,</strong></span> <span class='ocrx_word' id='word_1_78' title='bbox 2236 873 2445 935; x_wconf 72' lang='lat' dir='ltr'><strong>integer</strong></span> <span class='ocrx_word' id='word_1_79' title='bbox 2488 887 2520 920; x_wconf 88' lang='lat' dir='ltr'><strong>a</strong></span> <span class='ocrx_word' id='word_1_80' title='bbox 2548 873 2733 922; x_wconf 79' lang='lat' dir='ltr'><strong>Plauto</strong></span> 
     </span>
     <span class='ocr_line' id='line_1_9' title="bbox 268 939 2732 1006; baseline 0 -13"><span class='ocrx_word' id='word_1_81' title='bbox 268 944 641 994; x_wconf 88' lang='lat' dir='ltr'><strong>abiudicandus</strong></span> <span class='ocrx_word' id='word_1_82' title='bbox 675 949 783 1001; x_wconf 85' lang='lat' dir='ltr'><strong>est;</strong></span> <span class='ocrx_word' id='word_1_83' title='bbox 815 942 1088 1005; x_wconf 88' lang='lat' dir='ltr'><strong>prologum</strong></span> <span class='ocrx_word' id='word_1_84' title='bbox 1119 943 1338 994; x_wconf 85' lang='lat' dir='ltr'><strong>Gasinae</strong></span> <span class='ocrx_word' id='word_1_85' title='bbox 1368 945 1482 1005; x_wconf 90' lang='lat' dir='ltr'><strong>ipse</strong></span> <span class='ocrx_word' id='word_1_86' title='bbox 1519 945 1607 1006; x_wconf 90' lang='lat' dir='ltr'><strong>qui</strong></span> <span class='ocrx_word' id='word_1_87' title='bbox 1623 945 1735 994; x_wconf 88' lang='lat' dir='ltr'><strong>eius</strong></span> <span class='ocrx_word' id='word_1_88' title='bbox 1768 948 1940 1006; x_wconf 86' lang='lat' dir='ltr'><strong>partes</strong></span> <span class='ocrx_word' id='word_1_89' title='bbox 1971 945 2078 1006; x_wconf 82' lang='lat' dir='ltr'><strong>agit</strong></span> <span class='ocrx_word' id='word_1_90' title='bbox 2102 946 2172 994; x_wconf 80' lang='lat' dir='ltr'><strong>ad</strong></span> <span class='ocrx_word' id='word_1_91' title='bbox 2200 942 2483 1006; x_wconf 67' lang='lat' dir='ltr'><strong>repefftnn</strong></span> <span class='ocrx_word' id='word_1_92' title='bbox 2515 939 2732 998; x_wconf 54' lang='lat' dir='ltr'><strong>&amp;milae</strong></span> 
     </span>
     <span class='ocr_line' id='line_1_10' title="bbox 267 1015 2732 1079; baseline 0.001 -15"><span class='ocrx_word' id='word_1_93' title='bbox 267 1017 523 1068; x_wconf 73' lang='lat' dir='ltr'>actionem</span> <span class='ocrx_word' id='word_1_94' title='bbox 554 1017 812 1076; x_wconf 92' lang='lat' dir='ltr'><strong>pertinere</strong></span> <span class='ocrx_word' id='word_1_95' title='bbox 843 1017 1126 1076; x_wconf 85' lang='lat' dir='ltr'><strong>profitetur.</strong></span> <span class='ocrx_word' id='word_1_96' title='bbox 1188 1017 1463 1064; x_wconf 87' lang='lat' dir='ltr'><strong>Praeterea</strong></span> <span class='ocrx_word' id='word_1_97' title='bbox 1493 1017 1547 1065; x_wconf 90' lang='lat' dir='ltr'><strong>in</strong></span> <span class='ocrx_word' id='word_1_98' title='bbox 1578 1031 1641 1065; x_wconf 91' lang='lat' dir='ltr'><strong>eo</strong></span> <span class='ocrx_word' id='word_1_99' title='bbox 1688 1031 1792 1064; x_wconf 90' lang='lat' dir='ltr'><strong>non</strong></span> <span class='ocrx_word' id='word_1_100' title='bbox 1825 1017 1971 1065; x_wconf 85' lang='lat' dir='ltr'><strong>aliter</strong></span> <span class='ocrx_word' id='word_1_101' title='bbox 2001 1031 2156 1078; x_wconf 82' lang='lat' dir='ltr'><strong>quam</strong></span> <span class='ocrx_word' id='word_1_102' title='bbox 2181 1017 2249 1066; x_wconf 53' lang='lat' dir='ltr'><strong>in*</strong></span> <span class='ocrx_word' id='word_1_103' title='bbox 2271 1015 2499 1079; x_wconf 56' lang='lat' dir='ltr'><strong>prolqo</strong></span> <span class='ocrx_word' id='word_1_104' title='bbox 2517 1019 2732 1066; x_wconf 67' lang='lat' dir='ltr'><strong>romuli</strong></span> 
     </span>
     <span class='ocr_line' id='line_1_11' title="bbox 266 1088 2733 1152; baseline 0.001 -17"><span class='ocrx_word' id='word_1_105' title='bbox 266 1089 456 1136; x_wconf 89' lang='lat' dir='ltr'><strong>falsum</strong></span> <span class='ocrx_word' id='word_1_106' title='bbox 487 1089 691 1135; x_wconf 83' lang='lat' dir='ltr'><strong>fabulae</strong></span> <span class='ocrx_word' id='word_1_107' title='bbox 720 1102 910 1135; x_wconf 91' lang='lat' dir='ltr'><strong>nomen</strong></span> <span class='ocrx_word' id='word_1_108' title='bbox 940 1088 1208 1146; x_wconf 86' lang='lat' dir='ltr'><strong>indicatur,</strong></span> <span class='ocrx_word' id='word_1_109' title='bbox 1241 1089 1379 1148; x_wconf 92' lang='lat' dir='ltr'><strong>quod</strong></span> <span class='ocrx_word' id='word_1_110' title='bbox 1410 1088 1464 1135; x_wconf 92' lang='lat' dir='ltr'><strong>in</strong></span> <span class='ocrx_word' id='word_1_111' title='bbox 1496 1089 1752 1136; x_wconf 89' lang='lat' dir='ltr'><strong>simillimo</strong></span> <span class='ocrx_word' id='word_1_112' title='bbox 1784 1103 1844 1136; x_wconf 88' lang='lat' dir='ltr'><strong>ac</strong></span> <span class='ocrx_word' id='word_1_113' title='bbox 1876 1089 2096 1137; x_wconf 81' lang='lat' dir='ltr'><strong>Terentii</strong></span> <span class='ocrx_word' id='word_1_114' title='bbox 2128 1089 2300 1152; x_wconf 77' lang='lat' dir='ltr'><strong>studio</strong></span> <span class='ocrx_word' id='word_1_115' title='bbox 2317 1134 2321 1139; x_wconf 85' lang='lat'><strong>.</strong></span> <span class='ocrx_word' id='word_1_116' title='bbox 2337 1089 2565 1149; x_wconf 72' lang='lat' dir='ltr'><strong>positum</strong></span> <span class='ocrx_word' id='word_1_117' title='bbox 2593 1090 2733 1138; x_wconf 78' lang='lat' dir='ltr'><strong>vide-</strong></span> 
     </span>
     <span class='ocr_line' id='line_1_12' title="bbox 265 1160 2729 1220; baseline 0 -12"><span class='ocrx_word' id='word_1_118' title='bbox 265 1165 351 1209; x_wconf 89' lang='lat' dir='ltr'><strong>tur</strong></span> <span class='ocrx_word' id='word_1_119' title='bbox 380 1161 560 1217; x_wconf 84' lang='lat' dir='ltr'><strong>fuisse,</strong></span> <span class='ocrx_word' id='word_1_120' title='bbox 593 1163 651 1208; x_wconf 91' lang='lat' dir='ltr'><strong>ut</strong></span> <span class='ocrx_word' id='word_1_121' title='bbox 682 1160 1060 1220; x_wconf 77' lang='lat' dir='ltr'><strong>spectatoribus</strong></span> <span class='ocrx_word' id='word_1_122' title='bbox 1081 1160 1309 1208; x_wconf 82' lang='lat' dir='ltr'><strong>fabulam</strong></span> <span class='ocrx_word' id='word_1_123' title='bbox 1339 1161 1384 1208; x_wconf 89' lang='lat' dir='ltr'><strong>si</strong></span> <span class='ocrx_word' id='word_1_124' title='bbox 1416 1174 1519 1208; x_wconf 90' lang='lat' dir='ltr'><strong>non</strong></span> <span class='ocrx_word' id='word_1_125' title='bbox 1551 1174 1754 1217; x_wconf 60' lang='lat' dir='ltr'><strong>novam„</strong></span> <span class='ocrx_word' id='word_1_126' title='bbox 1786 1164 1840 1208; x_wconf 89' lang='lat' dir='ltr'><strong>at</strong></span> <span class='ocrx_word' id='word_1_127' title='bbox 1869 1173 1962 1220; x_wconf 92' lang='lat' dir='ltr'><strong>pro</strong></span> <span class='ocrx_word' id='word_1_128' title='bbox 1982 1175 2119 1208; x_wconf 88' lang='lat' dir='ltr'><strong>nova</strong></span> <span class='ocrx_word' id='word_1_129' title='bbox 2141 1174 2258 1209; x_wconf 85' lang='lat' dir='ltr'><strong>esse</strong></span> <span class='ocrx_word' id='word_1_130' title='bbox 2279 1162 2729 1220; x_wconf 82' lang='lat' dir='ltr'><strong>persuaderetur.⁸)</strong></span> 
     </span>
     <span class='ocr_line' id='line_1_13' title="bbox 266 1232 2734 1292; baseline 0 -12"><span class='ocrx_word' id='word_1_131' title='bbox 266 1232 481 1281; x_wconf 78' lang='lat' dir='ltr'><strong>Accedit</strong></span> <span class='ocrx_word' id='word_1_132' title='bbox 512 1233 653 1292; x_wconf 92' lang='lat' dir='ltr'><strong>quod</strong></span> <span class='ocrx_word' id='word_1_133' title='bbox 685 1245 776 1279; x_wconf 87' lang='lat' dir='ltr'><strong>eae</strong></span> <span class='ocrx_word' id='word_1_134' title='bbox 810 1232 1120 1281; x_wconf 80' lang='lat' dir='ltr'><strong>didascaliae</strong></span> <span class='ocrx_word' id='word_1_135' title='bbox 1151 1245 1283 1292; x_wconf 87' lang='lat' dir='ltr'><strong>quae</strong></span> <span class='ocrx_word' id='word_1_136' title='bbox 1328 1232 1381 1279; x_wconf 91' lang='lat' dir='ltr'><strong>in</strong></span> <span class='ocrx_word' id='word_1_137' title='bbox 1414 1232 1644 1292; x_wconf 86' lang='lat' dir='ltr'><strong>prologis</strong></span> <span class='ocrx_word' id='word_1_138' title='bbox 1674 1232 1972 1280; x_wconf 76' lang='lat' dir='ltr'><strong>Mercatoris</strong></span> <span class='ocrx_word' id='word_1_139' title='bbox 2004 1236 2056 1280; x_wconf 89' lang='lat' dir='ltr'><strong>et</strong></span> <span class='ocrx_word' id='word_1_140' title='bbox 2086 1232 2365 1280; x_wconf 82' lang='lat' dir='ltr'><strong>Trinummi</strong></span> <span class='ocrx_word' id='word_1_141' title='bbox 2403 1232 2734 1281; x_wconf 87' lang='lat' dir='ltr'><strong>inveniuntur</strong></span> 
     </span>
     <span class='ocr_line' id='line_1_14' title="bbox 266 1303 2733 1365; baseline -0 -12"><span class='ocrx_word' id='word_1_142' title='bbox 266 1319 372 1353; x_wconf 92' lang='lat' dir='ltr'><strong>non</strong></span> <span class='ocrx_word' id='word_1_143' title='bbox 404 1305 575 1353; x_wconf 91' lang='lat' dir='ltr'><strong>solum</strong></span> <span class='ocrx_word' id='word_1_144' title='bbox 606 1317 726 1352; x_wconf 90' lang='lat' dir='ltr'><strong>cum</strong></span> <span class='ocrx_word' id='word_1_145' title='bbox 757 1303 998 1352; x_wconf 85' lang='lat' dir='ltr'><strong>versibus</strong></span> <span class='ocrx_word' id='word_1_146' title='bbox 1031 1303 1454 1352; x_wconf 80' lang='lat' dir='ltr'><strong>antecedentibus</strong></span> <span class='ocrx_word' id='word_1_147' title='bbox 1486 1307 1537 1351; x_wconf 89' lang='lat' dir='ltr'><strong>et</strong></span> <span class='ocrx_word' id='word_1_148' title='bbox 1566 1303 1956 1365; x_wconf 85' lang='lat' dir='ltr'><strong>insequentibus</strong></span> <span class='ocrx_word' id='word_1_149' title='bbox 1985 1318 2090 1353; x_wconf 91' lang='lat' dir='ltr'><strong>non</strong></span> <span class='ocrx_word' id='word_1_150' title='bbox 2125 1303 2413 1362; x_wconf 80' lang='lat' dir='ltr'><strong>cohaerent,</strong></span> <span class='ocrx_word' id='word_1_151' title='bbox 2446 1304 2540 1353; x_wconf 89' lang='lat' dir='ltr'><strong>sed</strong></span> <span class='ocrx_word' id='word_1_152' title='bbox 2581 1303 2733 1353; x_wconf 85' lang='lat' dir='ltr'><strong>etiam</strong></span> 
     </span>
     <span class='ocr_line' id='line_1_15' title="bbox 265 1376 2734 1438; baseline 0 -14"><span class='ocrx_word' id='word_1_153' title='bbox 265 1378 330 1425; x_wconf 92' lang='lat' dir='ltr'><strong>iis</strong></span> <span class='ocrx_word' id='word_1_154' title='bbox 363 1376 594 1437; x_wconf 87' lang='lat' dir='ltr'><strong>expulsis</strong></span> <span class='ocrx_word' id='word_1_155' title='bbox 626 1376 945 1437; x_wconf 90' lang='lat' dir='ltr'><strong>interruptus</strong></span> <span class='ocrx_word' id='word_1_156' title='bbox 984 1376 1354 1423; x_wconf 88' lang='lat' dir='ltr'><strong>sententiarum</strong></span> <span class='ocrx_word' id='word_1_157' title='bbox 1393 1377 1519 1423; x_wconf 90' lang='lat' dir='ltr'><strong>ordo</strong></span> <span class='ocrx_word' id='word_1_158' title='bbox 1565 1376 1618 1423; x_wconf 90' lang='lat' dir='ltr'><strong>in</strong></span> <span class='ocrx_word' id='word_1_159' title='bbox 1664 1376 1922 1438; x_wconf 87' lang='lat' dir='ltr'><strong>integrum</strong></span> <span class='ocrx_word' id='word_1_160' title='bbox 1968 1377 2267 1424; x_wconf 84' lang='lat' dir='ltr'><strong>restituitur.</strong></span> <span class='ocrx_word' id='word_1_161' title='bbox 2329 1378 2477 1426; x_wconf 90' lang='lat' dir='ltr'><strong>Unde</strong></span> <span class='ocrx_word' id='word_1_162' title='bbox 2525 1381 2734 1438; x_wconf 86' lang='lat' dir='ltr'><strong>apparet</strong></span> 
     </span>
     <span class='ocr_line' id='line_1_16' title="bbox 268 1449 1928 1507; baseline -0.001 -10"><span class='ocrx_word' id='word_1_163' title='bbox 268 1449 578 1497; x_wconf 90' lang='lat' dir='ltr'><strong>didascalias</strong></span> <span class='ocrx_word' id='word_1_164' title='bbox 609 1449 724 1495; x_wconf 88' lang='lat' dir='ltr'><strong>illas</strong></span> <span class='ocrx_word' id='word_1_165' title='bbox 757 1463 862 1495; x_wconf 92' lang='lat' dir='ltr'><strong>non</strong></span> <span class='ocrx_word' id='word_1_166' title='bbox 895 1463 924 1494; x_wconf 88' lang='lat' dir='ltr'><strong>a</strong></span> <span class='ocrx_word' id='word_1_167' title='bbox 956 1449 1139 1495; x_wconf 89' lang='lat' dir='ltr'><strong>Plauto</strong></span> <span class='ocrx_word' id='word_1_168' title='bbox 1169 1449 1285 1506; x_wconf 89' lang='lat' dir='ltr'><strong>ipso</strong></span> <span class='ocrx_word' id='word_1_169' title='bbox 1319 1461 1474 1507; x_wconf 85' lang='lat' dir='ltr'><strong>posse</strong></span> <span class='ocrx_word' id='word_1_170' title='bbox 1506 1450 1762 1507; x_wconf 89' lang='lat' dir='ltr'><strong>profectas</strong></span> <span class='ocrx_word' id='word_1_171' title='bbox 1796 1463 1928 1497; x_wconf 86' lang='lat' dir='ltr'><strong>esse.</strong></span> 
     </span>
    </p>
   </div>
   <div class='ocr_carea' id='block_1_4' title="bbox 265 1529 2736 2685">
    <p class='ocr_par' dir='ltr' id='par_1_4' title="bbox 265 1529 2736 2685">
     <span class='ocr_line' id='line_1_17' title="bbox 418 1529 2734 1612; baseline 0.001 -16"><span class='ocrx_word' id='word_1_172' title='bbox 418 1529 727 1609; x_wconf 59' lang='lat' dir='ltr'><strong>&#39;Quaeritur</strong></span> <span class='ocrx_word' id='word_1_173' title='bbox 746 1551 844 1597; x_wconf 92' lang='lat' dir='ltr'><strong>iam</strong></span> <span class='ocrx_word' id='word_1_174' title='bbox 871 1551 953 1597; x_wconf 92' lang='lat' dir='ltr'><strong>cui</strong></span> <span class='ocrx_word' id='word_1_175' title='bbox 972 1551 1179 1598; x_wconf 90' lang='lat' dir='ltr'><strong>tandem</strong></span> <span class='ocrx_word' id='word_1_176' title='bbox 1198 1551 1507 1598; x_wconf 87' lang='lat' dir='ltr'><strong>didascaliae</strong></span> <span class='ocrx_word' id='word_1_177' title='bbox 1528 1551 1644 1598; x_wconf 88' lang='lat' dir='ltr'><strong>illae</strong></span> <span class='ocrx_word' id='word_1_178' title='bbox 1666 1551 1965 1598; x_wconf 83' lang='lat' dir='ltr'><strong>tribuendae</strong></span> <span class='ocrx_word' id='word_1_179' title='bbox 1989 1552 2145 1611; x_wconf 76' lang='lat' dir='ltr'><strong>sint.⁴&#39;)</strong></span> <span class='ocrx_word' id='word_1_180' title='bbox 2179 1554 2345 1612; x_wconf 86' lang='lat' dir='ltr'><strong>Atque</strong></span> <span class='ocrx_word' id='word_1_181' title='bbox 2385 1551 2734 1609; x_wconf 79' lang='lat' dir='ltr'><strong>Bitschelius⁶)</strong></span> 
     </span>
     <span class='ocr_line' id='line_1_18' title="bbox 267 1623 2732 1683; baseline 0 -13"><span class='ocrx_word' id='word_1_182' title='bbox 267 1624 478 1683; x_wconf 89' lang='lat' dir='ltr'><strong>quidem</strong></span> <span class='ocrx_word' id='word_1_183' title='bbox 503 1623 1034 1670; x_wconf 89' lang='lat' dir='ltr'><strong>accommodatissime</strong></span> <span class='ocrx_word' id='word_1_184' title='bbox 1063 1623 1129 1670; x_wconf 92' lang='lat' dir='ltr'><strong>ad</strong></span> <span class='ocrx_word' id='word_1_185' title='bbox 1151 1623 1568 1681; x_wconf 89' lang='lat' dir='ltr'><strong>persuadendum</strong></span> <span class='ocrx_word' id='word_1_186' title='bbox 1589 1623 1763 1670; x_wconf 85' lang='lat' dir='ltr'><strong>docuit</strong></span> <span class='ocrx_word' id='word_1_187' title='bbox 1791 1623 2059 1682; x_wconf 82' lang='lat' dir='ltr'><strong>repetitam</strong></span> <span class='ocrx_word' id='word_1_188' title='bbox 2080 1624 2217 1670; x_wconf 89' lang='lat' dir='ltr'><strong>illam</strong></span> <span class='ocrx_word' id='word_1_189' title='bbox 2242 1623 2458 1670; x_wconf 87' lang='lat' dir='ltr'><strong>Casinae</strong></span> <span class='ocrx_word' id='word_1_190' title='bbox 2481 1624 2732 1671; x_wconf 85' lang='lat' dir='ltr'><strong>actionem</strong></span> 
     </span>
     <span class='ocr_line' id='line_1_19' title="bbox 266 1693 2731 1754; baseline 0 -14"><span class='ocrx_word' id='word_1_191' title='bbox 266 1695 318 1741; x_wconf 90' lang='lat' dir='ltr'><strong>in</strong></span> <span class='ocrx_word' id='word_1_192' title='bbox 352 1694 547 1741; x_wconf 83' lang='lat' dir='ltr'><strong>exitum</strong></span> <span class='ocrx_word' id='word_1_193' title='bbox 579 1693 713 1740; x_wconf 87' lang='lat' dir='ltr'><strong>sexti</strong></span> <span class='ocrx_word' id='word_1_194' title='bbox 744 1693 828 1739; x_wconf 87' lang='lat' dir='ltr'><strong>vel</strong></span> <span class='ocrx_word' id='word_1_195' title='bbox 857 1693 912 1740; x_wconf 91' lang='lat' dir='ltr'><strong>in</strong></span> <span class='ocrx_word' id='word_1_196' title='bbox 942 1693 1144 1740; x_wconf 90' lang='lat' dir='ltr'><strong>initium</strong></span> <span class='ocrx_word' id='word_1_197' title='bbox 1175 1693 1379 1754; x_wconf 88' lang='lat' dir='ltr'><strong>septimi</strong></span> <span class='ocrx_word' id='word_1_198' title='bbox 1413 1707 1455 1740; x_wconf 88' lang='lat' dir='ltr'><strong>a.</strong></span> <span class='ocrx_word' id='word_1_199' title='bbox 1487 1707 1535 1740; x_wconf 91' lang='lat' dir='ltr'><strong>u.</strong></span> <span class='ocrx_word' id='word_1_200' title='bbox 1570 1694 1763 1741; x_wconf 90' lang='lat' dir='ltr'><strong>saeculi</strong></span> <span class='ocrx_word' id='word_1_201' title='bbox 1795 1695 1993 1751; x_wconf 83' lang='lat' dir='ltr'><strong>cadere,</strong></span> <span class='ocrx_word' id='word_1_202' title='bbox 2027 1707 2129 1754; x_wconf 93' lang='lat' dir='ltr'><strong>quo</strong></span> <span class='ocrx_word' id='word_1_203' title='bbox 2174 1698 2403 1754; x_wconf 90' lang='lat' dir='ltr'><strong>tempore</strong></span> <span class='ocrx_word' id='word_1_204' title='bbox 2454 1694 2731 1742; x_wconf 85' lang='lat' dir='ltr'><strong>comoediis</strong></span> 
     </span>
     <span class='ocr_line' id='line_1_20' title="bbox 266 1765 2732 1826; baseline -0 -13"><span class='ocrx_word' id='word_1_205' title='bbox 266 1779 399 1826; x_wconf 91' lang='lat' dir='ltr'><strong>quae</strong></span> <span class='ocrx_word' id='word_1_206' title='bbox 432 1766 695 1825; x_wconf 78' lang='lat' dir='ltr'><strong>placerent</strong></span> <span class='ocrx_word' id='word_1_207' title='bbox 726 1765 1086 1812; x_wconf 87' lang='lat' dir='ltr'><strong>deficientibus</strong></span> <span class='ocrx_word' id='word_1_208' title='bbox 1118 1765 1290 1813; x_wconf 91' lang='lat' dir='ltr'><strong>studia</strong></span> <span class='ocrx_word' id='word_1_209' title='bbox 1320 1765 1555 1812; x_wconf 85' lang='lat' dir='ltr'><strong>Plautina</strong></span> <span class='ocrx_word' id='word_1_210' title='bbox 1585 1770 1763 1813; x_wconf 88' lang='lat' dir='ltr'><strong>renata</strong></span> <span class='ocrx_word' id='word_1_211' title='bbox 1793 1766 2061 1826; x_wconf 86' lang='lat' dir='ltr'><strong>Plautique</strong></span> <span class='ocrx_word' id='word_1_212' title='bbox 2091 1766 2293 1814; x_wconf 89' lang='lat' dir='ltr'><strong>fabulae</strong></span> <span class='ocrx_word' id='word_1_213' title='bbox 2322 1767 2516 1814; x_wconf 83' lang='lat' dir='ltr'><strong>iterum.</strong></span> <span class='ocrx_word' id='word_1_214' title='bbox 2540 1771 2590 1814; x_wconf 91' lang='lat' dir='ltr'><strong>et</strong></span> <span class='ocrx_word' id='word_1_215' title='bbox 2621 1780 2732 1813; x_wconf 86' lang='lat' dir='ltr'><strong>sae-</strong></span> 
     </span>
     <span class='ocr_line' id='line_1_21' title="bbox 265 1837 2732 1898; baseline -0 -14"><span class='ocrx_word' id='word_1_216' title='bbox 265 1838 384 1897; x_wconf 90' lang='lat' dir='ltr'><strong>pius</strong></span> <span class='ocrx_word' id='word_1_217' title='bbox 415 1838 469 1884; x_wconf 94' lang='lat' dir='ltr'><strong>in</strong></span> <span class='ocrx_word' id='word_1_218' title='bbox 501 1850 711 1884; x_wconf 87' lang='lat' dir='ltr'><strong>scenam</strong></span> <span class='ocrx_word' id='word_1_219' title='bbox 742 1837 940 1884; x_wconf 88' lang='lat' dir='ltr'><strong>delatae</strong></span> <span class='ocrx_word' id='word_1_220' title='bbox 973 1839 1161 1884; x_wconf 90' lang='lat' dir='ltr'><strong>essent.</strong></span> <span class='ocrx_word' id='word_1_221' title='bbox 1225 1837 1435 1883; x_wconf 83' lang='lat' dir='ltr'><strong>Eisdem</strong></span> <span class='ocrx_word' id='word_1_222' title='bbox 1449 1837 1607 1896; x_wconf 88' lang='lat' dir='ltr'><strong>igitur</strong></span> <span class='ocrx_word' id='word_1_223' title='bbox 1637 1837 1955 1896; x_wconf 82' lang='lat' dir='ltr'><strong>temporibus</strong></span> <span class='ocrx_word' id='word_1_224' title='bbox 1972 1851 2003 1883; x_wconf 91' lang='lat' dir='ltr'><strong>a</strong></span> <span class='ocrx_word' id='word_1_225' title='bbox 2048 1837 2268 1884; x_wconf 85' lang='lat' dir='ltr'><strong>dominis</strong></span> <span class='ocrx_word' id='word_1_226' title='bbox 2302 1851 2520 1898; x_wconf 82' lang='lat' dir='ltr'><strong>gregum</strong></span> <span class='ocrx_word' id='word_1_227' title='bbox 2552 1839 2633 1885; x_wconf 87' lang='lat' dir='ltr'><strong>vel</strong></span> <span class='ocrx_word' id='word_1_228' title='bbox 2668 1838 2732 1883; x_wconf 91' lang='lat' dir='ltr'><strong>ab</strong></span> 
     </span>
     <span class='ocr_line' id='line_1_22' title="bbox 265 1907 2734 1969; baseline 0 -14"><span class='ocrx_word' id='word_1_229' title='bbox 265 1908 603 1956; x_wconf 87' lang='lat' dir='ltr'><strong>histrionibus</strong></span> <span class='ocrx_word' id='word_1_230' title='bbox 637 1921 756 1954; x_wconf 92' lang='lat' dir='ltr'><strong>cum</strong></span> <span class='ocrx_word' id='word_1_231' title='bbox 789 1908 975 1955; x_wconf 87' lang='lat' dir='ltr'><strong>ceteris</strong></span> <span class='ocrx_word' id='word_1_232' title='bbox 1006 1907 1367 1955; x_wconf 86' lang='lat' dir='ltr'><strong>additamentis</strong></span> <span class='ocrx_word' id='word_1_233' title='bbox 1401 1912 1452 1954; x_wconf 91' lang='lat' dir='ltr'><strong>et</strong></span> <span class='ocrx_word' id='word_1_234' title='bbox 1482 1909 1682 1955; x_wconf 85' lang='lat' dir='ltr'><strong>fabulas</strong></span> <span class='ocrx_word' id='word_1_235' title='bbox 1732 1909 1871 1968; x_wconf 89' lang='lat' dir='ltr'><strong>ipsas</strong></span> <span class='ocrx_word' id='word_1_236' title='bbox 1919 1912 1971 1955; x_wconf 89' lang='lat' dir='ltr'><strong>et</strong></span> <span class='ocrx_word' id='word_1_237' title='bbox 1999 1909 2245 1969; x_wconf 77' lang='lat' dir='ltr'><strong>prologos</strong></span> <span class='ocrx_word' id='word_1_238' title='bbox 2276 1909 2587 1969; x_wconf 88' lang='lat' dir='ltr'><strong>locupletata</strong></span> <span class='ocrx_word' id='word_1_239' title='bbox 2624 1912 2734 1956; x_wconf 88' lang='lat' dir='ltr'><strong>tum</strong></span> 
     </span>
     <span class='ocr_line' id='line_1_23' title="bbox 266 1981 2732 2041; baseline -0 -12"><span class='ocrx_word' id='word_1_240' title='bbox 266 1981 575 2030; x_wconf 86' lang='lat' dir='ltr'><strong>didascalias</strong></span> <span class='ocrx_word' id='word_1_241' title='bbox 622 1981 737 2027; x_wconf 87' lang='lat' dir='ltr'><strong>illas</strong></span> <span class='ocrx_word' id='word_1_242' title='bbox 769 1981 999 2040; x_wconf 84' lang='lat' dir='ltr'><strong>prologis</strong></span> <span class='ocrx_word' id='word_1_243' title='bbox 1047 1981 1331 2028; x_wconf 81' lang='lat' dir='ltr'><strong>inculcatas</strong></span> <span class='ocrx_word' id='word_1_244' title='bbox 1362 1984 1626 2040; x_wconf 90' lang='lat' dir='ltr'><strong>totumque</strong></span> <span class='ocrx_word' id='word_1_245' title='bbox 1657 1981 1924 2028; x_wconf 86' lang='lat' dir='ltr'><strong>Asinariae</strong></span> <span class='ocrx_word' id='word_1_246' title='bbox 1970 1982 2244 2041; x_wconf 87' lang='lat' dir='ltr'><strong>prologum</strong></span> <span class='ocrx_word' id='word_1_247' title='bbox 2292 1982 2569 2029; x_wconf 86' lang='lat' dir='ltr'><strong>confictum</strong></span> <span class='ocrx_word' id='word_1_248' title='bbox 2616 1995 2732 2029; x_wconf 84' lang='lat' dir='ltr'><strong>esse</strong></span> 
     </span>
     <span class='ocr_line' id='line_1_24' title="bbox 265 2052 2735 2111; baseline 0 -11"><span class='ocrx_word' id='word_1_249' title='bbox 265 2053 376 2100; x_wconf 79' lang='lat' dir='ltr'><strong>&#39;veri</strong></span> <span class='ocrx_word' id='word_1_250' title='bbox 408 2052 724 2101; x_wconf 83' lang='lat' dir='ltr'><strong>simillimum</strong></span> <span class='ocrx_word' id='word_1_251' title='bbox 757 2067 816 2099; x_wconf 89' lang='lat' dir='ltr'><strong>ac</strong></span> <span class='ocrx_word' id='word_1_252' title='bbox 847 2065 1012 2111; x_wconf 88' lang='lat' dir='ltr'><strong>paene</strong></span> <span class='ocrx_word' id='word_1_253' title='bbox 1046 2064 1139 2111; x_wconf 90' lang='lat' dir='ltr'><strong>pro</strong></span> <span class='ocrx_word' id='word_1_254' title='bbox 1173 2055 1313 2099; x_wconf 90' lang='lat' dir='ltr'><strong>certo</strong></span> <span class='ocrx_word' id='word_1_255' title='bbox 1346 2056 1438 2100; x_wconf 91' lang='lat' dir='ltr'><strong>est.</strong></span> <span class='ocrx_word' id='word_1_256' title='bbox 1503 2052 1725 2100; x_wconf 87' lang='lat' dir='ltr'><strong>Causam</strong></span> <span class='ocrx_word' id='word_1_257' title='bbox 1757 2068 1849 2100; x_wconf 91' lang='lat' dir='ltr'><strong>cur</strong></span> <span class='ocrx_word' id='word_1_258' title='bbox 1870 2067 1961 2100; x_wconf 91' lang='lat' dir='ltr'><strong>eae</strong></span> <span class='ocrx_word' id='word_1_259' title='bbox 1983 2053 2290 2101; x_wconf 84' lang='lat' dir='ltr'><strong>didascaliae</strong></span> <span class='ocrx_word' id='word_1_260' title='bbox 2311 2053 2604 2101; x_wconf 79' lang='lat' dir='ltr'><strong>interiectae</strong></span> <span class='ocrx_word' id='word_1_261' title='bbox 2633 2053 2735 2101; x_wconf 88' lang='lat' dir='ltr'><strong>sint</strong></span> 
     </span>
     <span class='ocr_line' id='line_1_25' title="bbox 265 2123 2733 2184; baseline -0.001 -12"><span class='ocrx_word' id='word_1_262' title='bbox 265 2125 321 2172; x_wconf 90' lang='lat' dir='ltr'><strong>in</strong></span> <span class='ocrx_word' id='word_1_263' title='bbox 353 2138 414 2172; x_wconf 90' lang='lat' dir='ltr'><strong>eo</strong></span> <span class='ocrx_word' id='word_1_264' title='bbox 446 2124 613 2179; x_wconf 59' lang='lat' dir='ltr'><strong>wideO,</strong></span> <span class='ocrx_word' id='word_1_265' title='bbox 663 2124 803 2183; x_wconf 89' lang='lat' dir='ltr'><strong>quod</strong></span> <span class='ocrx_word' id='word_1_266' title='bbox 851 2124 938 2183; x_wconf 91' lang='lat' dir='ltr'><strong>qui</strong></span> <span class='ocrx_word' id='word_1_267' title='bbox 971 2123 1191 2183; x_wconf 89' lang='lat' dir='ltr'><strong>septimo</strong></span> <span class='ocrx_word' id='word_1_268' title='bbox 1235 2125 1441 2171; x_wconf 88' lang='lat' dir='ltr'><strong>saeculo</strong></span> <span class='ocrx_word' id='word_1_269' title='bbox 1473 2124 1673 2171; x_wconf 88' lang='lat' dir='ltr'><strong>fabulas</strong></span> <span class='ocrx_word' id='word_1_270' title='bbox 1705 2124 1968 2171; x_wconf 90' lang='lat' dir='ltr'><strong>Plautinas</strong></span> <span class='ocrx_word' id='word_1_271' title='bbox 2015 2123 2269 2171; x_wconf 86' lang='lat' dir='ltr'><strong>docebant</strong></span> <span class='ocrx_word' id='word_1_272' title='bbox 2314 2124 2536 2172; x_wconf 91' lang='lat' dir='ltr'><strong>eundem</strong></span> <span class='ocrx_word' id='word_1_273' title='bbox 2581 2128 2733 2184; x_wconf 89' lang='lat' dir='ltr'><strong>atque</strong></span> 
     </span>
     <span class='ocr_line' id='line_1_26' title="bbox 268 2195 2733 2255; baseline 0 -13"><span class='ocrx_word' id='word_1_274' title='bbox 268 2195 539 2243; x_wconf 88' lang='lat' dir='ltr'><strong>Terentius</strong></span> <span class='ocrx_word' id='word_1_275' title='bbox 569 2208 768 2241; x_wconf 89' lang='lat' dir='ltr'><strong>morem</strong></span> <span class='ocrx_word' id='word_1_276' title='bbox 799 2195 1160 2254; x_wconf 86' lang='lat' dir='ltr'><strong>sequebantur</strong></span> <span class='ocrx_word' id='word_1_277' title='bbox 1208 2197 1473 2254; x_wconf 90' lang='lat' dir='ltr'><strong>praeterea</strong></span> <span class='ocrx_word' id='word_1_278' title='bbox 1504 2199 1676 2242; x_wconf 90' lang='lat' dir='ltr'><strong>autem</strong></span> <span class='ocrx_word' id='word_1_279' title='bbox 1708 2196 1897 2242; x_wconf 87' lang='lat' dir='ltr'><strong>nomen</strong></span> <span class='ocrx_word' id='word_1_280' title='bbox 1944 2199 2125 2255; x_wconf 90' lang='lat' dir='ltr'><strong>poetae</strong></span> <span class='ocrx_word' id='word_1_281' title='bbox 2157 2195 2336 2251; x_wconf 84' lang='lat' dir='ltr'><strong>Latini,</strong></span> <span class='ocrx_word' id='word_1_282' title='bbox 2385 2195 2523 2255; x_wconf 89' lang='lat' dir='ltr'><strong>quod</strong></span> <span class='ocrx_word' id='word_1_283' title='bbox 2553 2195 2637 2242; x_wconf 92' lang='lat' dir='ltr'><strong>ille</strong></span> <span class='ocrx_word' id='word_1_284' title='bbox 2670 2196 2733 2242; x_wconf 91' lang='lat' dir='ltr'><strong>de</strong></span> 
     </span>
     <span class='ocr_line' id='line_1_27' title="bbox 266 2266 2733 2326; baseline 0 -13"><span class='ocrx_word' id='word_1_285' title='bbox 266 2267 521 2314; x_wconf 86' lang='lat' dir='ltr'><strong>industria</strong></span> <span class='ocrx_word' id='word_1_286' title='bbox 552 2267 827 2312; x_wconf 88' lang='lat' dir='ltr'><strong>reticuerat</strong></span> <span class='ocrx_word' id='word_1_287' title='bbox 858 2266 1128 2322; x_wconf 87' lang='lat' dir='ltr'><strong>addebant,</strong></span> <span class='ocrx_word' id='word_1_288' title='bbox 1160 2267 1191 2312; x_wconf 91' lang='lat' dir='ltr'><strong>i.</strong></span> <span class='ocrx_word' id='word_1_289' title='bbox 1227 2281 1269 2313; x_wconf 91' lang='lat' dir='ltr'><strong>e.</strong></span> <span class='ocrx_word' id='word_1_290' title='bbox 1303 2267 1473 2313; x_wconf 88' lang='lat' dir='ltr'><strong>omnia</strong></span> <span class='ocrx_word' id='word_1_291' title='bbox 1504 2281 1566 2312; x_wconf 93' lang='lat' dir='ltr'><strong>ea</strong></span> <span class='ocrx_word' id='word_1_292' title='bbox 1595 2267 1649 2312; x_wconf 90' lang='lat' dir='ltr'><strong>in</strong></span> <span class='ocrx_word' id='word_1_293' title='bbox 1681 2267 1910 2326; x_wconf 88' lang='lat' dir='ltr'><strong>prologis</strong></span> <span class='ocrx_word' id='word_1_294' title='bbox 1943 2281 2062 2313; x_wconf 89' lang='lat' dir='ltr'><strong>cum</strong></span> <span class='ocrx_word' id='word_1_295' title='bbox 2082 2267 2434 2325; x_wconf 89' lang='lat' dir='ltr'><strong>spectantibus</strong></span> <span class='ocrx_word' id='word_1_296' title='bbox 2456 2267 2733 2314; x_wconf 78' lang='lat' dir='ltr'><strong>communi-</strong></span> 
     </span>
     <span class='ocr_line' id='line_1_28' title="bbox 268 2337 2735 2408; baseline 0 -23"><span class='ocrx_word' id='word_1_297' title='bbox 268 2339 454 2386; x_wconf 88' lang='lat' dir='ltr'><strong>cabant</strong></span> <span class='ocrx_word' id='word_1_298' title='bbox 485 2351 618 2397; x_wconf 89' lang='lat' dir='ltr'><strong>quae</strong></span> <span class='ocrx_word' id='word_1_299' title='bbox 651 2350 744 2396; x_wconf 89' lang='lat' dir='ltr'><strong>per</strong></span> <span class='ocrx_word' id='word_1_300' title='bbox 775 2351 1084 2396; x_wconf 87' lang='lat' dir='ltr'><strong>praeconem</strong></span> <span class='ocrx_word' id='word_1_301' title='bbox 1131 2340 1247 2384; x_wconf 88' lang='lat' dir='ltr'><strong>ante</strong></span> <span class='ocrx_word' id='word_1_302' title='bbox 1287 2337 1464 2384; x_wconf 86' lang='lat' dir='ltr'><strong>initam</strong></span> <span class='ocrx_word' id='word_1_303' title='bbox 1505 2337 1730 2385; x_wconf 84' lang='lat' dir='ltr'><strong>fabulam</strong></span> <span class='ocrx_word' id='word_1_304' title='bbox 1764 2337 2086 2397; x_wconf 86' lang='lat' dir='ltr'><strong>pronuntiata</strong></span> <span class='ocrx_word' id='word_1_305' title='bbox 2125 2352 2244 2385; x_wconf 89' lang='lat' dir='ltr'><strong>esse</strong></span> <span class='ocrx_word' id='word_1_306' title='bbox 2285 2352 2443 2398; x_wconf 89' lang='lat' dir='ltr'><strong>supra</strong></span> <span class='ocrx_word' id='word_1_307' title='bbox 2488 2338 2735 2408; x_wconf 88' lang='lat' dir='ltr'><strong>suspicati</strong></span> 
     </span>
     <span class='ocr_line' id='line_1_29' title="bbox 271 2405 2736 2469; baseline 0 -12"><span class='ocrx_word' id='word_1_308' title='bbox 271 2423 464 2457; x_wconf 91' lang='lat' dir='ltr'><strong>sumes.</strong></span> <span class='ocrx_word' id='word_1_309' title='bbox 531 2407 683 2466; x_wconf 86' lang='lat' dir='ltr'><strong>Quod</strong></span> <span class='ocrx_word' id='word_1_310' title='bbox 715 2408 851 2456; x_wconf 86' lang='lat' dir='ltr'><strong>itase</strong></span> <span class='ocrx_word' id='word_1_311' title='bbox 884 2409 1075 2456; x_wconf 90' lang='lat' dir='ltr'><strong>habere</strong></span> <span class='ocrx_word' id='word_1_312' title='bbox 1108 2409 1402 2456; x_wconf 91' lang='lat' dir='ltr'><strong>testimonio</strong></span> <span class='ocrx_word' id='word_1_313' title='bbox 1433 2408 1741 2468; x_wconf 89' lang='lat' dir='ltr'><strong>gravissimo</strong></span> <span class='ocrx_word' id='word_1_314' title='bbox 1775 2409 1898 2455; x_wconf 88' lang='lat' dir='ltr'><strong>mihi</strong></span> <span class='ocrx_word' id='word_1_315' title='bbox 1930 2410 2177 2468; x_wconf 83' lang='lat' dir='ltr'><strong>prologus</strong></span> <span class='ocrx_word' id='word_1_316' title='bbox 2210 2409 2476 2456; x_wconf 85' lang='lat' dir='ltr'><strong>Asinariae</strong></span> <span class='ocrx_word' id='word_1_317' title='bbox 2509 2405 2601 2466; x_wconf 87' lang='lat' dir='ltr'><strong>est,</strong></span> <span class='ocrx_word' id='word_1_318' title='bbox 2646 2409 2736 2469; x_wconf 90' lang='lat' dir='ltr'><strong>qui</strong></span> 
     </span>
     <span class='ocr_line' id='line_1_30' title="bbox 269 2480 2733 2540; baseline 0 -12"><span class='ocrx_word' id='word_1_319' title='bbox 269 2482 376 2529; x_wconf 87' lang='lat' dir='ltr'><strong>fere</strong></span> <span class='ocrx_word' id='word_1_320' title='bbox 407 2484 547 2529; x_wconf 89' lang='lat' dir='ltr'><strong>totus</strong></span> <span class='ocrx_word' id='word_1_321' title='bbox 581 2480 959 2540; x_wconf 88' lang='lat' dir='ltr'><strong>spectatoribus</strong></span> <span class='ocrx_word' id='word_1_322' title='bbox 1000 2481 1063 2528; x_wconf 93' lang='lat' dir='ltr'><strong>de</strong></span> <span class='ocrx_word' id='word_1_323' title='bbox 1096 2480 1209 2528; x_wconf 88' lang='lat' dir='ltr'><strong>istis</strong></span> <span class='ocrx_word' id='word_1_324' title='bbox 1241 2481 1399 2529; x_wconf 88' lang='lat' dir='ltr'><strong>rebus</strong></span> <span class='ocrx_word' id='word_1_325' title='bbox 1431 2480 1676 2529; x_wconf 82' lang='lat' dir='ltr'><strong>docendis</strong></span> <span class='ocrx_word' id='word_1_326' title='bbox 1722 2481 2021 2528; x_wconf 89' lang='lat' dir='ltr'><strong>continetur.</strong></span> <span class='ocrx_word' id='word_1_327' title='bbox 2086 2481 2252 2539; x_wconf 85' lang='lat' dir='ltr'><strong>Quem</strong></span> <span class='ocrx_word' id='word_1_328' title='bbox 2298 2481 2395 2529; x_wconf 88' lang='lat' dir='ltr'><strong>etsi</strong></span> <span class='ocrx_word' id='word_1_329' title='bbox 2443 2495 2507 2528; x_wconf 86' lang='lat' dir='ltr'><strong>ex</strong></span> <span class='ocrx_word' id='word_1_330' title='bbox 2538 2481 2733 2529; x_wconf 87' lang='lat' dir='ltr'><strong>laciniis</strong></span> 
     </span>
     <span class='ocr_line' id='line_1_31' title="bbox 266 2553 2733 2613; baseline -0 -12"><span class='ocrx_word' id='word_1_331' title='bbox 266 2553 494 2613; x_wconf 89' lang='lat' dir='ltr'><strong>undique</strong></span> <span class='ocrx_word' id='word_1_332' title='bbox 529 2553 756 2600; x_wconf 89' lang='lat' dir='ltr'><strong>collectis</strong></span> <span class='ocrx_word' id='word_1_333' title='bbox 790 2553 1073 2601; x_wconf 90' lang='lat' dir='ltr'><strong>miserrime</strong></span> <span class='ocrx_word' id='word_1_334' title='bbox 1108 2567 1227 2601; x_wconf 88' lang='lat' dir='ltr'><strong>esse</strong></span> <span class='ocrx_word' id='word_1_335' title='bbox 1261 2557 1535 2600; x_wconf 91' lang='lat' dir='ltr'><strong>consutum</strong></span> <span class='ocrx_word' id='word_1_336' title='bbox 1567 2553 1954 2600; x_wconf 90' lang='lat' dir='ltr'><strong>concedendum</strong></span> <span class='ocrx_word' id='word_1_337' title='bbox 1983 2557 2076 2609; x_wconf 82' lang='lat' dir='ltr'><strong>est,</strong></span> <span class='ocrx_word' id='word_1_338' title='bbox 2126 2557 2295 2600; x_wconf 89' lang='lat' dir='ltr'><strong>tamen</strong></span> <span class='ocrx_word' id='word_1_339' title='bbox 2330 2558 2591 2601; x_wconf 88' lang='lat' dir='ltr'><strong>auctorem</strong></span> <span class='ocrx_word' id='word_1_340' title='bbox 2622 2553 2733 2601; x_wconf 82' lang='lat' dir='ltr'><strong>eius</strong></span> 
     </span>
     <span class='ocr_line' id='line_1_32' title="bbox 269 2625 2110 2685; baseline 0 -13"><span class='ocrx_word' id='word_1_341' title='bbox 269 2625 477 2672; x_wconf 90' lang='lat' dir='ltr'><strong>omnino</strong></span> <span class='ocrx_word' id='word_1_342' title='bbox 511 2625 634 2684; x_wconf 92' lang='lat' dir='ltr'><strong>quid</strong></span> <span class='ocrx_word' id='word_1_343' title='bbox 666 2625 866 2684; x_wconf 85' lang='lat' dir='ltr'><strong>prologi</strong></span> <span class='ocrx_word' id='word_1_344' title='bbox 900 2628 1041 2672; x_wconf 91' lang='lat' dir='ltr'><strong>esset</strong></span> <span class='ocrx_word' id='word_1_345' title='bbox 1071 2625 1343 2685; x_wconf 86' lang='lat' dir='ltr'><strong>ignorasse</strong></span> <span class='ocrx_word' id='word_1_346' title='bbox 1375 2625 1515 2672; x_wconf 83' lang='lat' dir='ltr'><strong>nullo</strong></span> <span class='ocrx_word' id='word_1_347' title='bbox 1546 2625 1701 2672; x_wconf 90' lang='lat' dir='ltr'><strong>modo</strong></span> <span class='ocrx_word' id='word_1_348' title='bbox 1735 2625 1896 2684; x_wconf 87' lang='lat' dir='ltr'><strong>accipi</strong></span> <span class='ocrx_word' id='word_1_349' title='bbox 1926 2629 2110 2685; x_wconf 87' lang='lat' dir='ltr'><strong>potest.</strong></span> 
     </span>
    </p>
   </div>
   <div class='ocr_carea' id='block_1_5' title="bbox 274 2804 2733 2926">
    <p class='ocr_par' dir='ltr' id='par_1_5' title="bbox 274 2804 2733 2926">
     <span class='ocr_line' id='line_1_33' title="bbox 498 2804 2733 2860; baseline 0.001 -14"><span class='ocrx_word' id='word_1_350' title='bbox 498 2809 527 2857; x_wconf 87' lang='lat'><strong>¹)</strong></span> <span class='ocrx_word' id='word_1_351' title='bbox 557 2805 733 2859; x_wconf 85' lang='lat' dir='ltr'><strong>Allgern.</strong></span> <span class='ocrx_word' id='word_1_352' title='bbox 764 2805 1000 2860; x_wconf 84' lang='lat' dir='ltr'><strong>Gesichtsp.</strong></span> <span class='ocrx_word' id='word_1_353' title='bbox 1030 2804 1074 2847; x_wconf 91' lang='lat' dir='ltr'><strong>S.</strong></span> <span class='ocrx_word' id='word_1_354' title='bbox 1103 2809 1141 2846; x_wconf 88' lang='lat'><strong>2.</strong></span> <span class='ocrx_word' id='word_1_355' title='bbox 1201 2808 1232 2857; x_wconf 74' lang='grc'><strong>2)</strong></span> <span class='ocrx_word' id='word_1_356' title='bbox 1261 2805 1370 2846; x_wconf 86' lang='lat' dir='ltr'><strong>ldem</strong></span> <span class='ocrx_word' id='word_1_357' title='bbox 1411 2805 1494 2846; x_wconf 84' lang='lat' dir='ltr'><strong>iam</strong></span> <span class='ocrx_word' id='word_1_358' title='bbox 1535 2817 1561 2846; x_wconf 89' lang='lat' dir='ltr'><strong>a</strong></span> <span class='ocrx_word' id='word_1_359' title='bbox 1602 2804 1762 2846; x_wconf 86' lang='lat' dir='ltr'><strong>Naevio</strong></span> <span class='ocrx_word' id='word_1_360' title='bbox 1805 2804 1958 2846; x_wconf 80' lang='lat' dir='ltr'><strong>factum</strong></span> <span class='ocrx_word' id='word_1_361' title='bbox 2003 2817 2101 2848; x_wconf 86' lang='lat' dir='ltr'><strong>esse</strong></span> <span class='ocrx_word' id='word_1_362' title='bbox 2128 2817 2181 2847; x_wconf 88' lang='lat' dir='ltr'><strong>ex</strong></span> <span class='ocrx_word' id='word_1_363' title='bbox 2209 2805 2373 2860; x_wconf 86' lang='lat' dir='ltr'><strong>prologi</strong></span> <span class='ocrx_word' id='word_1_364' title='bbox 2400 2805 2636 2859; x_wconf 75' lang='lat' dir='ltr'><strong>fragmento</strong></span> <span class='ocrx_word' id='word_1_365' title='bbox 2664 2804 2733 2857; x_wconf 90' lang='grc' dir='ltr'><strong>(Ο.</strong></span> 
     </span>
     <span class='ocr_line' id='line_1_34' title="bbox 274 2869 1546 2926; baseline -0.001 -12"><span class='ocrx_word' id='word_1_366' title='bbox 274 2871 471 2919; x_wconf 86' lang='lat' dir='ltr'><strong>Ribbeck,</strong></span> <span class='ocrx_word' id='word_1_367' title='bbox 503 2883 609 2913; x_wconf 88' lang='lat' dir='ltr'><strong>corn.</strong></span> <span class='ocrx_word' id='word_1_368' title='bbox 639 2871 707 2914; x_wconf 87' lang='lat' dir='ltr'><strong>lat.</strong></span> <span class='ocrx_word' id='word_1_369' title='bbox 738 2871 811 2914; x_wconf 87' lang='lat' dir='ltr'><strong>sel.</strong></span> <span class='ocrx_word' id='word_1_370' title='bbox 841 2883 880 2925; x_wconf 87' lang='lat' dir='ltr'><strong>p.</strong></span> <span class='ocrx_word' id='word_1_371' title='bbox 911 2874 953 2924; x_wconf 89' lang='grc'><strong>5)</strong></span> <span class='ocrx_word' id='word_1_372' title='bbox 982 2871 1127 2920; x_wconf 83' lang='lat' dir='ltr'><strong>elucet,</strong></span> <span class='ocrx_word' id='word_1_373' title='bbox 1157 2871 1198 2913; x_wconf 90' lang='lat' dir='ltr'><strong>in</strong></span> <span class='ocrx_word' id='word_1_374' title='bbox 1228 2883 1314 2926; x_wconf 92' lang='lat' dir='ltr'><strong>quo</strong></span> <span class='ocrx_word' id='word_1_375' title='bbox 1342 2869 1546 2925; x_wconf 87' lang='lat' dir='ltr'><strong>legimus:</strong></span> 
     </span>
    </p>
   </div>
   <div class='ocr_carea' id='block_1_6' title="bbox 927 2949 1910 3005">
    <p class='ocr_par' dir='ltr' id='par_1_6' title="bbox 927 2949 1910 3005">
     <span class='ocr_line' id='line_1_35' title="bbox 927 2949 1910 3005; baseline 0 -13"><span class='ocrx_word' id='word_1_376' title='bbox 927 2949 1307 2999; x_wconf 79' lang='lat' dir='ltr'><strong>„Acontizomenos</strong></span> <span class='ocrx_word' id='word_1_377' title='bbox 1335 2949 1475 2992; x_wconf 76' lang='lat' dir='ltr'><strong>fabula</strong></span> <span class='ocrx_word' id='word_1_378' title='bbox 1503 2953 1567 2992; x_wconf 91' lang='lat' dir='ltr'><strong>est</strong></span> <span class='ocrx_word' id='word_1_379' title='bbox 1593 2950 1724 3005; x_wconf 89' lang='lat' dir='ltr'><strong>prime</strong></span> <span class='ocrx_word' id='word_1_380' title='bbox 1752 2950 1910 3005; x_wconf 84' lang='lat' dir='ltr'><strong>proba“</strong></span> 
     </span>
    </p>
   </div>
   <div class='ocr_carea' id='block_1_7' title="bbox 268 3015 2737 3412">
    <p class='ocr_par' dir='ltr' id='par_1_7' title="bbox 268 3015 2737 3412">
     <span class='ocr_line' id='line_1_36' title="bbox 268 3015 2734 3083; baseline -0 -12"><span class='ocrx_word' id='word_1_381' title='bbox 268 3038 376 3083; x_wconf 87' lang='lat' dir='ltr'><strong>quae</strong></span> <span class='ocrx_word' id='word_1_382' title='bbox 405 3027 536 3071; x_wconf 84' lang='lat' dir='ltr'><strong>verba</strong></span> <span class='ocrx_word' id='word_1_383' title='bbox 564 3038 638 3070; x_wconf 85' lang='lat' dir='ltr'><strong>eur</strong></span> <span class='ocrx_word' id='word_1_384' title='bbox 665 3026 862 3083; x_wconf 81' lang='lat' dir='ltr'><strong>repetitae</strong></span> <span class='ocrx_word' id='word_1_385' title='bbox 890 3026 1041 3071; x_wconf 84' lang='lat' dir='ltr'><strong>actioni</strong></span> <span class='ocrx_word' id='word_1_386' title='bbox 1069 3026 1153 3070; x_wconf 87' lang='lat' dir='ltr'><strong>sint</strong></span> <span class='ocrx_word' id='word_1_387' title='bbox 1180 3026 1396 3071; x_wconf 82' lang='lat' dir='ltr'><strong>tribuenda</strong></span> <span class='ocrx_word' id='word_1_388' title='bbox 1424 3037 1552 3079; x_wconf 76' lang='lat' dir='ltr'><strong>eausa</strong></span> <span class='ocrx_word' id='word_1_389' title='bbox 1579 3026 1767 3083; x_wconf 80' lang='lat' dir='ltr'><strong>profecto</strong></span> <span class='ocrx_word' id='word_1_390' title='bbox 1786 3026 1903 3071; x_wconf 76' lang='lat' dir='ltr'><strong>afferi</strong></span> <span class='ocrx_word' id='word_1_391' title='bbox 1922 3039 2008 3071; x_wconf 91' lang='lat' dir='ltr'><strong>non</strong></span> <span class='ocrx_word' id='word_1_392' title='bbox 2028 3029 2177 3083; x_wconf 81' lang='lat' dir='ltr'><strong>potest</strong></span> <span class='ocrx_word' id='word_1_393' title='bbox 2236 3030 2267 3081; x_wconf 88' lang='lat'><strong>³)</strong></span> <span class='ocrx_word' id='word_1_394' title='bbox 2297 3015 2348 3070; x_wconf 79' lang='lat' dir='ltr'><strong>c&#39;f.</strong></span> <span class='ocrx_word' id='word_1_395' title='bbox 2372 3025 2540 3077; x_wconf 85' lang='lat' dir='ltr'><strong>Ritschl.</strong></span> <span class='ocrx_word' id='word_1_396' title='bbox 2569 3037 2734 3083; x_wconf 67' lang='lat' dir='ltr'><strong>parerg</strong></span> 
     </span>
     <span class='ocr_line' id='line_1_37' title="bbox 269 3092 2736 3149; baseline 0 -13"><span class='ocrx_word' id='word_1_397' title='bbox 269 3097 348 3137; x_wconf 89' lang='lat'><strong>202</strong></span> <span class='ocrx_word' id='word_1_398' title='bbox 378 3105 470 3149; x_wconf 87' lang='lat' dir='ltr'><strong>sqq.</strong></span> <span class='ocrx_word' id='word_1_399' title='bbox 529 3096 561 3146; x_wconf 80' lang='lat'><strong>⁴)</strong></span> <span class='ocrx_word' id='word_1_400' title='bbox 590 3092 809 3136; x_wconf 83' lang='lat' dir='ltr'><strong>Praetereo</strong></span> <span class='ocrx_word' id='word_1_401' title='bbox 838 3093 1109 3136; x_wconf 85' lang='lat' dir='ltr'><strong>Dziatzkonis</strong></span> <span class='ocrx_word' id='word_1_402' title='bbox 1137 3093 1390 3149; x_wconf 87' lang='lat' dir='ltr'><strong>opinionem.</strong></span> <span class='ocrx_word' id='word_1_403' title='bbox 1419 3095 1563 3148; x_wconf 79' lang='lat' dir='ltr'><strong>utpote</strong></span> <span class='ocrx_word' id='word_1_404' title='bbox 1591 3105 1698 3149; x_wconf 87' lang='lat' dir='ltr'><strong>quae</strong></span> <span class='ocrx_word' id='word_1_405' title='bbox 1727 3094 1840 3137; x_wconf 89' lang='lat' dir='ltr'><strong>omni</strong></span> <span class='ocrx_word' id='word_1_406' title='bbox 1868 3096 2006 3137; x_wconf 83' lang='lat' dir='ltr'><strong>eareat</strong></span> <span class='ocrx_word' id='word_1_407' title='bbox 2032 3092 2315 3142; x_wconf 79' lang='lat' dir='ltr'><strong>fundamento.</strong></span> <span class='ocrx_word' id='word_1_408' title='bbox 2350 3093 2404 3136; x_wconf 83' lang='lat' dir='ltr'><strong>ab</strong></span> <span class='ocrx_word' id='word_1_409' title='bbox 2432 3093 2571 3149; x_wconf 82' lang='lat' dir='ltr'><strong>aliquo</strong></span> <span class='ocrx_word' id='word_1_410' title='bbox 2598 3103 2736 3148; x_wconf 77' lang='lat' dir='ltr'><strong>gram·</strong></span> 
     </span>
     <span class='ocr_line' id='line_1_38' title="bbox 270 3158 2736 3214; baseline -0 -12"><span class='ocrx_word' id='word_1_411' title='bbox 270 3159 424 3202; x_wconf 85' lang='lat' dir='ltr'><strong>matico</strong></span> <span class='ocrx_word' id='word_1_412' title='bbox 451 3159 684 3214; x_wconf 87' lang='lat' dir='ltr'><strong>posteriore</strong></span> <span class='ocrx_word' id='word_1_413' title='bbox 713 3159 767 3202; x_wconf 85' lang='lat' dir='ltr'><strong>ad</strong></span> <span class='ocrx_word' id='word_1_414' title='bbox 794 3159 1011 3202; x_wconf 84' lang='lat' dir='ltr'><strong>docendos</strong></span> <span class='ocrx_word' id='word_1_415' title='bbox 1051 3159 1236 3202; x_wconf 75' lang='lat' dir='ltr'><strong>lectores</strong></span> <span class='ocrx_word' id='word_1_416' title='bbox 1257 3171 1332 3202; x_wconf 83' lang='lat' dir='ltr'><strong>eas</strong></span> <span class='ocrx_word' id='word_1_417' title='bbox 1359 3159 1548 3214; x_wconf 85' lang='lat' dir='ltr'><strong>prologis</strong></span> <span class='ocrx_word' id='word_1_418' title='bbox 1589 3160 1768 3202; x_wconf 83' lang='lat' dir='ltr'><strong>insertas</strong></span> <span class='ocrx_word' id='word_1_419' title='bbox 1796 3171 1904 3203; x_wconf 82' lang='lat' dir='ltr'><strong>esse.</strong></span> <span class='ocrx_word' id='word_1_420' title='bbox 1961 3159 2026 3202; x_wconf 82' lang='lat' dir='ltr'><strong>Ad</strong></span> <span class='ocrx_word' id='word_1_421' title='bbox 2069 3171 2196 3214; x_wconf 82' lang='lat' dir='ltr'><strong>quam</strong></span> <span class='ocrx_word' id='word_1_422' title='bbox 2237 3159 2318 3201; x_wconf 87' lang='lat' dir='ltr'><strong>nisi</strong></span> <span class='ocrx_word' id='word_1_423' title='bbox 2346 3158 2469 3202; x_wconf 79' lang='lat' dir='ltr'><strong>fallor</strong></span> <span class='ocrx_word' id='word_1_424' title='bbox 2496 3159 2561 3201; x_wconf 89' lang='lat' dir='ltr'><strong>vir</strong></span> <span class='ocrx_word' id='word_1_425' title='bbox 2587 3159 2736 3201; x_wconf 83' lang='lat' dir='ltr'><strong>doctus</strong></span> 
     </span>
     <span class='ocr_line' id='line_1_39' title="bbox 269 3222 2737 3281; baseline -0.001 -13"><span class='ocrx_word' id='word_1_426' title='bbox 269 3236 323 3268; x_wconf 89' lang='lat' dir='ltr'><strong>eo</strong></span> <span class='ocrx_word' id='word_1_427' title='bbox 351 3224 556 3268; x_wconf 85' lang='lat' dir='ltr'><strong>adductus</strong></span> <span class='ocrx_word' id='word_1_428' title='bbox 599 3227 664 3268; x_wconf 85' lang='lat' dir='ltr'><strong>est</strong></span> <span class='ocrx_word' id='word_1_429' title='bbox 705 3224 819 3281; x_wconf 89' lang='lat' dir='ltr'><strong>quod</strong></span> <span class='ocrx_word' id='word_1_430' title='bbox 848 3223 1086 3268; x_wconf 86' lang='lat' dir='ltr'><strong>Terentium</strong></span> <span class='ocrx_word' id='word_1_431' title='bbox 1126 3225 1302 3269; x_wconf 88' lang='lat' dir='ltr'><strong>consilio</strong></span> <span class='ocrx_word' id='word_1_432' title='bbox 1331 3225 1373 3267; x_wconf 90' lang='lat' dir='ltr'><strong>in</strong></span> <span class='ocrx_word' id='word_1_433' title='bbox 1401 3224 1590 3281; x_wconf 83' lang='lat' dir='ltr'><strong>prologis</strong></span> <span class='ocrx_word' id='word_1_434' title='bbox 1630 3224 1797 3268; x_wconf 80' lang='lat' dir='ltr'><strong>fabulae</strong></span> <span class='ocrx_word' id='word_1_435' title='bbox 1839 3236 1993 3268; x_wconf 88' lang='lat' dir='ltr'><strong>nomen</strong></span> <span class='ocrx_word' id='word_1_436' title='bbox 2035 3223 2260 3281; x_wconf 81' lang='lat' dir='ltr'><strong>protulisse</strong></span> <span class='ocrx_word' id='word_1_437' title='bbox 2287 3227 2426 3280; x_wconf 83' lang='lat' dir='ltr'><strong>negat.</strong></span> <span class='ocrx_word' id='word_1_438' title='bbox 2483 3223 2597 3276; x_wconf 88' lang='lat' dir='ltr'><strong>Quid</strong></span> <span class='ocrx_word' id='word_1_439' title='bbox 2623 3222 2737 3279; x_wconf 91' lang='lat' dir='ltr'><strong>quod</strong></span> 
     </span>
     <span class='ocr_line' id='line_1_40' title="bbox 268 3289 2735 3347; baseline -0.002 -13"><span class='ocrx_word' id='word_1_440' title='bbox 268 3294 490 3347; x_wconf 78' lang='lat' dir='ltr'><strong>propterea</strong></span> <span class='ocrx_word' id='word_1_441' title='bbox 516 3291 585 3334; x_wconf 87' lang='lat' dir='ltr'><strong>vel</strong></span> <span class='ocrx_word' id='word_1_442' title='bbox 612 3294 745 3334; x_wconf 86' lang='lat' dir='ltr'><strong>totum</strong></span> <span class='ocrx_word' id='word_1_443' title='bbox 775 3291 992 3334; x_wconf 81' lang='lat' dir='ltr'><strong>Asinariae</strong></span> <span class='ocrx_word' id='word_1_444' title='bbox 1019 3291 1243 3346; x_wconf 84' lang='lat' dir='ltr'><strong>prologum</strong></span> <span class='ocrx_word' id='word_1_445' title='bbox 1270 3290 1434 3346; x_wconf 79' lang='lat' dir='ltr'><strong>ignoto‘</strong></span> <span class='ocrx_word' id='word_1_446' title='bbox 1445 3291 1501 3334; x_wconf 87' lang='lat' dir='ltr'><strong>illi</strong></span> <span class='ocrx_word' id='word_1_447' title='bbox 1527 3291 1801 3346; x_wconf 77' lang='lat' dir='ltr'><strong>grammatico</strong></span> <span class='ocrx_word' id='word_1_448' title='bbox 1828 3291 2048 3334; x_wconf 83' lang='lat' dir='ltr'><strong>attribuere</strong></span> <span class='ocrx_word' id='word_1_449' title='bbox 2067 3293 2243 3333; x_wconf 77' lang='lat' dir='ltr'><strong>coactus·</strong></span> <span class='ocrx_word' id='word_1_450' title='bbox 2256 3293 2332 3334; x_wconf 82' lang='lat' dir='ltr'><strong>est.</strong></span> <span class='ocrx_word' id='word_1_451' title='bbox 2390 3289 2452 3334; x_wconf 80' lang='lat' dir='ltr'><strong>Cf.</strong></span> <span class='ocrx_word' id='word_1_452' title='bbox 2476 3290 2606 3333; x_wconf 83' lang='lat' dir='ltr'><strong>Plaut.</strong></span> <span class='ocrx_word' id='word_1_453' title='bbox 2627 3289 2735 3331; x_wconf 85' lang='lat' dir='ltr'><strong>Ptol.</strong></span> 
     </span>
     <span class='ocr_line' id='line_1_41' title="bbox 272 3356 1870 3412; baseline 0.001 -13"><span class='ocrx_word' id='word_1_454' title='bbox 272 3357 380 3411; x_wconf 81' lang='lat' dir='ltr'><strong>Allg.</strong></span> <span class='ocrx_word' id='word_1_455' title='bbox 411 3356 648 3412; x_wconf 81' lang='lat' dir='ltr'><strong>Gesichtsp.</strong></span> <span class='ocrx_word' id='word_1_456' title='bbox 679 3370 718 3412; x_wconf 90' lang='lat' dir='ltr'><strong>p.</strong></span> <span class='ocrx_word' id='word_1_457' title='bbox 749 3361 774 3399; x_wconf 90' lang='lat'><strong>2</strong></span> <span class='ocrx_word' id='word_1_458' title='bbox 804 3360 845 3400; x_wconf 85' lang='lat' dir='ltr'><strong>et</strong></span> <span class='ocrx_word' id='word_1_459' title='bbox 872 3360 1032 3412; x_wconf 84' lang='lat' dir='ltr'><strong>quaest.</strong></span> <span class='ocrx_word' id='word_1_460' title='bbox 1049 3357 1124 3400; x_wconf 88' lang='lat' dir='ltr'><strong>sel.</strong></span> <span class='ocrx_word' id='word_1_461' title='bbox 1152 3369 1191 3411; x_wconf 89' lang='lat' dir='ltr'><strong>p.</strong></span> <span class='ocrx_word' id='word_1_462' title='bbox 1227 3360 1276 3399; x_wconf 88' lang='grc'><strong>18</strong></span> <span class='ocrx_word' id='word_1_463' title='bbox 1304 3368 1395 3412; x_wconf 90' lang='lat' dir='ltr'><strong>sqq.</strong></span> <span class='ocrx_word' id='word_1_464' title='bbox 1426 3361 1458 3410; x_wconf 85' lang='lat'><strong>⁵)</strong></span> <span class='ocrx_word' id='word_1_465' title='bbox 1487 3368 1648 3412; x_wconf 78' lang='lat' dir='ltr'><strong>parerg.</strong></span> <span class='ocrx_word' id='word_1_466' title='bbox 1683 3361 1759 3400; x_wconf 88' lang='lat'><strong>180</strong></span> <span class='ocrx_word' id='word_1_467' title='bbox 1778 3369 1870 3412; x_wconf 87' lang='lat' dir='ltr'><strong>sqq.</strong></span> 
     </span>
    </p>
   </div>
  </div>
 </body>
</html>
