3037 3800
1371 213 1580 254 ..3-

240 363 308 397 ne
340 363 530 397 nomen
563 350 768 410 quidem
799 349 936 397 illius
957 353 1292 410 pernossent:
1323 354 1638 410 spectatores
1661 351 1726 398 de
1747 350 1982 399 Terentio
2000 353 2156 410 poeta
2173 349 2277 398 iam
2297 353 2416 399 ante
2433 351 2708 420 prologum

240 421 414 481 aliquo
435 422 591 469 modo
614 421 855 469 certiores
874 421 1036 470 factos
1059 425 1219 470 esse.“
1266 422 1424 470 Nisus
1443 425 1708 481 praeterea
1725 421 1930 470 duobus
1951 420 2177 479 Donati1)
2193 420 2497 471 tesfimonii‘s
2517 419 2706 485 qffius

241 493 309 541 de
338 492 472 541 tituli
501 492 915 552 pronuntiatione
946 492 1005 542 fit
1035 493 1241 551 mentio,
1274 495 1456 542 doctus
1486 493 1573 541 ille
1601 493 1682 542 vir
1712 496 1830 542 ante
1860 492 2063 542 fabulae
2094 492 2348 542 actionem
2366 491 2586 543 mse
2612 502 2708 554 per

239 578 551 624 praeconem
580 564 788 612 nomina
835 568 885 612 et
915 564 1118 613 fabulae
1158 569 1209 613 et
1253 569 1434 625 poetae
1466 565 1793 624 pronuntiata
1837 578 1956 614 esse
1993 564 2297 625 suspicatur.
2347 563 2512 623 Quod
2554 565 2706 615 nob‘m

243 650 447 696 quoque
468 636 578 684 veri
608 636 812 684 videtur
843 636 1157 684 simillimum
1189 650 1322 685 esse.
1385 637 1488 685 Sed
1507 641 1721 697 propter.
1733 637 1789 686 id
1808 637 1982 697 ipsum
2006 649 2196 685 nomen
2214 636 2418 688 fabulae
2443 648 2707 698 nunquam

241 708 388 756 aliter
418 711 570 768 atque
592 708 646 755 in
666 708 885 756 transitu
904 708 1160 768 prolatum
1181 721 1299 757 esse
1329 710 1528 757 tantum
1559 709 1706 758 abest
1723 711 1782 758 ut
1802 708 2101 757 Dziatzkoni
2121 707 2478 768 cometissam,
2508 711 2568 758 ut
2587 709 2707 758 data

241 794 400 840 opera
420 786 535 828 eam
556 780 868 828 mentionem
891 781 1077 828 factam
1097 794 1214 828 esse
1238 784 1289 828 et
1309 781 1653 829 necessariam
1680 781 2014 842 prologorum
2033 779 2452 831 Terentianorum
2470 780 2706 830 effecisse

240 856 440 912 partem
471 853 859 900 contendamus.
923 852 1058 910 Quid
1089 853 1227 912 quod
1258 853 1541 910 Dziatzk02)
1573 853 1699 912 ipse,
1732 856 1790 899 ut
1820 865 1970 899 suam
1998 856 2203 900 tueatur
2232 852 2551 910 sententiam,
2589 867 2705 913 pro-

241 925 362 985 logo
393 924 979 971 Heautontimorumenu
1011 938 1173 983 aeque
1206 938 1266 971 ac
1297 925 1530 983 Hecyrae
1562 923 1805 984 prolog-ie,
1853 923 1942 983 qui
1972 923 2021 971 ei
2052 923 2372 983 apertissime
2402 928 2704 985 repugnent,

241 995 450 1043 omnino
481 995 616 1043 tituli
645 995 1111 1055 pronuntiationem
1143 996 1485 1043 antecessisse
1516 1000 1685 1056 negat.
1749 995 1862 1054 Quo
1909 994 2043 1042 facto
2075 1009 2107 1042 a
2135 995 2251 1056 lege
2290 1009 2445 1056 quam
2475 1009 2540 1044 ex
2577 995 2704 1056 ipsis

241 1068 471 1128 prologis
494 1067 809 1115 Terentianis
832 1067 978 1115 duxit
1000 1067 1262 1115 dimidiam
1282 1068 1386 1115 fere
1407 1072 1604 1126 partem
1625 1082 1804 1115 eorum
1820 1068 2054 1127 excipere
2076 1071 2285 1116 coactus
2302 1071 2402 1116 est!
2447 1069 2704 1116 Heauton-

242 1140 588 1188 timorumenu
620 1143 791 1187 autem
822 1139 1095 1200 prologum
1127 1140 1384 1200 quomodo
1416 1140 1546 1187 duce
1569 1139 1847 1188 Ritschelio
1879 1142 1930 1187 et
1960 1138 2277 1187 emblematis
2309 1138 2420 1188 suis
2444 1143 2496 1188 et
2515 1140 2704 1189 athete-

242 1212 388 1261 sibus
423 1211 820 1271 deformaverit³)
870 1212 922 1259 in
954 1225 1204 1272 suamque
1252 1212 1542 1272 opinionem
1572 1212 1801 1260 inaudita
1831 1212 2053 1272 quadam
2082 1211 2324 1260 violentia
2362 1211 2589 1274 coegerit
2617 1212 2706 1260 vix

241 1285 446 1333 videtur
477 1283 730 1332 credibile·
795 1283 899 1332 Sed
930 1283 1171 1344 quoniam
1201 1284 1254 1332 id
1284 1284 1455 1344 ipsum
1485 1284 1623 1332 haud
1653 1283 1800 1343 parvi
1830 1284 1896 1332 ad
1925 1284 2059 1331 hanc
2089 1283 2441 1344 quaestionem
2462 1284 2707 1332 momenti

241 1360 336 1414 est,
369 1360 677 1416 temptemus
726 1355 771 1403 si
803 1355 899 1402 alia
941 1370 1102 1415 eaque
1149 1356 1364 1403 rectiore
1395 1356 1610 1404 fortasse
1658 1355 2070 1415 interpretatione
2118 1356 2270 1404 huius
2316 1356 2517 1416 prologi
2563 1356 2704 1405 initio

241 1428 489 1476 librorum
520 1427 623 1476 fide
656 1428 844 1487 optime
878 1441 993 1475 mea
1024 1428 1230 1488 quidem
1263 1428 1514 1475 sententia
1545 1428 1784 1476 mandato
1818 1427 2063 1475 auxilium
2091 1427 2354 1487 possimus
2385 1427 2529 1475 ferre.

388 1530 593 1576 Initium
625 1530 770 1588 capio
805 1545 834 1575 a
855 1530 1094 1576 versibus
1117 1535 1235 1574 4-9
1259 1530 1510 1576 artissime
1542 1531 1673 1576 inter
1697 1544 1761 1576 se
1784 1529 2188 1584 cohaerentibuS‚
2222 1543 2352 1588 quos
2378 1533 2572 1576 mutato
2593 1543 2704 1576 ver-

240 1616 397 1649 suum
431 1607 458 1646 5
482 1605 532 1648 et
553 1606 581 1646 6
628 1601 820 1648 ordine·
839 1605 889 1647 et
922 1605 1126 1647 servata
1157 1601 1209 1647 in
1253 1616 1299 1647 v.
1326 1607 1352 1646 6
1376 1602 1485 1648 cod.
1509 1600 1743 1648 Bembini
1768 1600 2012 1659 „duplici“
2037 1600 2288 1660 scriptura
2315 1600 2385 1647 ita
2404 1601 2508 1660 legi
2529 1600 2704 1648 velim:

535 1698 576 1737 4.
610 1691 688 1737 Ex
719 1690 918 1750 integra
951 1690 1147 1738 Graeca
1178 1691 1428 1750 integram
1461 1690 1790 1746 comoediam,

534 1767 576 1809 6.
610 1762 815 1821 Duplex
847 1776 978 1830 quae
1011 1776 1076 1809 ex
1107 1766 1407 1822 argumento
1439 1762 1571 1809 facta
1603 1765 1681 1808 est
1712 1761 1914 1821 duplici,

534 1839 576 1880 5.
609 1833 775 1881 Hodie
807 1840 925 1881 'sum
959 1838 1167 1881 acturus
1199 1831 1822 1881 Heautontimorumenon.

536 1913 578 1953 7.
610 1907 812 1952 Novam
845 1921 962 1953 esse
996 1907 1198 1954 ostendi
1230 1912 1279 1953 et
1311 1922 1440 1966 quae
1473 1911 1639 1953 esset:
1672 1922 1808 1953 nunc
1840 1907 1927 1965 qui
1959 1907 2221 1964 scripserit

534 1984 576 2025 8.
610 1979 674 2024 Et
705 1978 820 2025 cuia
851 1978 1047 2025 Graeca
1079 1979 1159 2033 sit,
1192 1979 1245 2024 ni
1276 1983 1472 2037 partem
1503 1992 1794 2024 maxumam

534 2056 577 2097 9.
610 2050 988 2097 Existumarem
1020 2050 1152 2097 scire
1185 2054 1432 2105 vostrum,
1464 2050 1516 2097 id
1549 2050 1783 2096 dicerem.

461 2147 685 2193 Versum
705 2152 748 2192 4.
771 2146 1057 2203 Dziatzko⁴)
1080 2147 1315 2206 quamvis
1347 2160 1528 2193 vocem
1553 2146 1803 2205 „integer“
1838 2145 1892 2191 in
1923 2145 2105 2191 eodem
2126 2158 2283 2192 versu
2304 2145 2385 2191 bis
2406 2148 2705 2204 usurpatam

243 2219 433 2264 debere
467 2218 648 2264 eadem
679 2218 1053 2277 significatione
1085 2232 1203 2265 esse
1251 2219 1497 2265 concedat
1542 2221 1714 2264 tamen
1745 2217 1819 2264 sic
1852 2216 2100 2275 explicat:
2152 2216 2257 2273 „Ex
2303 2229 2490 2276 graeca
2519 2216 2704 2272 fabula,

243 2289 393 2336 cuius
416 2304 567 2336 nemo
591 2289 871 2349 quidquam
892 2290 1184 2348 praeripuit,
1206 2290 1427 2346 latinam,
1451 2290 1534 2336 cui
1554 2303 1659 2335 non
1691 2288 1914 2347 oportuit
1935 2287 2213 2347 quidquam
2233 2287 2391 2334 addi.“
2455 2287 2706 2347 Equidem

243 2361 330 2407 illa
360 2361 520 2407 verba
550 2361 604 2407 in
634 2365 864 2407 nostram
895 2362 1125 2421 linguam
1156 2376 1308 2408 versa
1338 2362 1407 2408 ita
1429 2361 1651 2419 accipio:
1683 2360 1809 2406 Eine
1830 2373 1991 2419 ganze
2023 2359 2434 2417 (unveranderte)
2453 2358 2704 2406 Komodie

467 2508 494 2556 ι)
523 2505 576 2546 de
604 2516 710 2546 com.
741 2504 879 2555 (Klotz
909 2504 972 2547 ed.
1002 2504 1181 2557 Terent.)
1211 2518 1250 2559 p.
1280 2504 1412 2552 xvlu,
1456 2508 1508 2546 25
1537 2517 1629 2558 sqq.
1659 2507 1699 2546 et
1726 2516 1765 2558 p.
1795 2503 1900 2552 xlx,
1929 2506 1981 2545 36
2010 2515 2102 2558 sqq.
2175 2507 2206 2555 ²)
2235 2506 2394 2557 quaest.
2438 2503 2511 2545 sel.
2554 2515 2594 2556 p.
2642 2505 2702 2544 16.

245 2573 277 2624 ³)
307 2571 350 2613 ln
379 2571 503 2613 talem
530 2570 617 2613 iere
644 2570 823 2613 formam
852 2570 1055 2614 Dziatzko
1097 2571 1255 2626 primos
1297 2571 1420 2613 huius
1463 2570 1627 2626 prologi
1661 2582 1811 2613 versus
1839 2569 1927 2612 vult
1955 2568 2110 2624 redigi:

825 2648 915 2696 „Ne
944 2649 1044 2703 quoi
1073 2649 1126 2691 sit
1153 2651 1342 2691 vostrum
1373 2648 1531 2696 mirum,
1561 2659 1668 2702 quor
1695 2647 1822 2703 partis
1851 2647 1941 2690 seni

826 2713 955 2757 Poeta
982 2714 1151 2762 dederit,
1181 2725 1288 2769 quae
1308 2717 1405 2757 sunt
1422 2713 1748 2757 adulescentium

828 2780 886 2832 [ld
916 2792 996 2823 vos
1024 2780 1215 2823 docebo:
1245 2780 1320 2823 sed
1353 2792 1406 2823 ne
1438 2779 1612 2822 huiusce
1639 2779 1804 2822 fabulae

829 2845 919 2887 Vos
947 2845 1149 2899 ignoretis
1177 2857 1331 2889 nomen
1360 2849 1400 2888 et
1427 2846 1498 2900 qui
1526 2844 1737 2901 scripserit
1753 2847 1779 2896 :]

828 2911 869 2953 ld
898 2911 1076 2966 primum
1105 2911 1252 2959 dicam,
1281 2911 1428 2954 deinde
1455 2911 1569 2966 quod
1596 2911 1693 2954 veni
1721 2910 1905 2966 eloquar.

830 2976 893 3019 Ex
912 2977 1074 3032 integra
1094 2976 1254 3020 Graeca
1282 2977 1486 3032 integram
1513 2976 1772 3020 comoediam

826 3043 962 3084 Hodie
991 3055 1086 3084 sum
1114 3046 1281 3084 acturus
1309 3044 1819 3084 Heautontimorumenon.

829 3108 1008 3161 [Graece
1037 3107 1144 3151 hanc
1172 3107 1400 3152 Menander
1426 3108 1616 3164 scripsit:
1645 3108 1770 3151 vortit
1797 3106 1936 3151 denuo

828 3174 972 3218 Latine
1014 3186 1138 3230 quem
1167 3174 1249 3217 iam
1277 3175 1411 3218 nostis
1439 3174 1540 3218 Afer
1567 3173 1766 3227 Publius]
1829 3218 1833 3222 ,

827 3241 948 3283 Nunc
976 3253 1102 3296 quam
1131 3241 1187 3284 ob
1216 3252 1303 3283 rem
1331 3234 1408 3284 has
1436 3241 1565 3297 partis
1593 3240 1814 3288 didicerim.
1844 3239 1989 3295 paucis
2017 3239 2166 3282 dabo.“

244 3319 356 3362 Nihil
383 3322 449 3363 est
477 3319 591 3375 quod
620 3319 716 3362 huic
744 3319 918 3362 artificio
947 3319 1126 3363 velimus
1167 3319 1318 3362 addere
1346 3319 1426 3362 nisi
1453 3319 1586 3375 ipsius
1614 3317 1883 3362 Dziatzkonis
1911 3317 2066 3360 verba:
2107 3318 2305 3361 Fortasse
2333 3320 2428 3361 ante
2462 3331 2502 3361 v.
2538 3321 2596 3360 10.
2627 3315 2707 3360 alia

243 3397 414 3441 quoque
443 3386 760 3435 interciderunt;
791 3386 866 3429 sed
889 3389 1024 3436 „certa
1043 3385 1379 3430 ratiocinatione“
1410 3385 1510 3429 nihil
1529 3388 1741 3441 praeterea
1769 3386 1949 3428 statuere
1967 3396 2208 3440 possumus.
2266 3386 2298 3438 ⁴)
2327 3387 2486 3440 quaest.
2513 3383 2587 3427 sel.
2606 3394 2647 3438 p.
2665 3385 2704 3424 8.
