3037 3800
1391 223 1449 232 —·
1485 203 1540 243 14
1571 221 1629 232 ·—
1882 258 1896 282 ,

281 341 469 387 donata
514 341 708 400 profert
753 345 818 397 (v.
851 337 1124 398 260-261),
1173 342 1354 388 eadem
1405 352 1560 401 quam
1587 341 1846 403 siufflime
1895 296 1961 399 a.
1995 344 2253 400 534—536)
2284 343 2740 412 summ—Amphi-

211 456 213 458 .
280 417 518 460 truonem
551 413 804 460 dicentem
835 415 989 472 poeta
1019 412 1152 461 facit.
1217 413 1348 462 Tum
1377 412 1663 465 Mercurius
1691 413 1874 461 eadem
1901 415 2058 474 etque
2103 417 2256 462 antea
2282 414 2488 464 ratione
2509 429 2559 465 v,
2584 412 2741 474 ⁸04-

286 490 401 530 1008
434 485 580 544 quasi
613 487 794 543 quarto
826 485 1042 545 prologo
1075 498 1209 544 quan
1239 486 1468 545 proxime
1501 485 1671 532 futura
1703 483 1806 532 sint
1836 484 2063 544 exponit:
2086 495 2154 533 se
2184 486 2400 545 imperio
2424 486 2590 548 patris
2619 487 2739 535 Am·

279 556 606 615 phitruonem
654 569 718 603 ex
759 559 913 615 portu
958 554 1262 604 redeuntem
1310 556 1530 605 ludibrio
1577 553 1885 613 habiturum,
1937 558 2075 616 quod
2122 557 2429 606 brevisdmo
2466 548 2741 611 'invenem

281 628 446 686 spatio
480 628 559 684 (cf.
594 642 640 673 v.
674 633 916 673 997—998
950 642 1069 675 cum
1101 643 1147 674 v.
1184 631 1322 685 1005)
1350 626 1517 677 eidem
1547 629 1723 676 verbis
1742 627 1911 687 (Faxo
1941 628 2105 688 probe
2133 629 2235 676 iam
2265 629 2351 677 hie
2380 629 2653 679 deludetur
2682 656 2741 665 -——

280 700 382 745 iam
411 700 495 745 ille
527 700 610 746 hic
643 701 916 746 deludetur
945 701 1139 760 probe).
1156 715 1286 747 usus
1308 699 1389 758 bis
1409 701 1690 762 profitetur,
1721 700 1875 760 idque
1905 714 1968 746 eo
1982 700 2156 760 magis
2176 695 2363 748 mirum
2383 701 2589 751 videtur
2607 712 2739 760 esse,

278 772 419 830 quod
449 772 604 834 paulo
636 786 666 817 a
703 775 755 818 te
780 772 865 837 (cf.
899 787 946 818 v.
981 769 1237 832 976-980)
1268 771 1337 818 110
1369 772 1536 819 facere
1568 787 1598 819 a
1628 776 1773 832 patre
1802 770 1980 819 iussus
2012 776 2133 820 erat.
2196 772 2339 821 Idem
2358 769 2498 835 quod
2518 789 2568 822 v.
2591 779 2740 821 991—

279 849 368 889 992
401 843 529 890 dixit
559 858 617 891 se
648 858 682 903 p
716 844 782 891 tri
813 839 1047 904 oportere
1080 844 1216 892 dicto
1249 845 1540 891 audientem
1574 857 1705 901 esse,
1738 858 1785 890 v.
1821 849 1939 890 1004
1968 843 2129 892 iterat.
2195 842 2373 894 Restat
2401 848 2461 894 ut
2489 846 2745 908 addamus

280 917 467 962 Jovem
498 916 739 964 versibus
777 922 1071 962 1131—1143
1114 915 1302 976 epilogi
1344 909 1490 976 quasi
1524 909 1650 964 'loco
1681 915 2020 976 pronuntiatis
2067 917 2132 965 de
2176 917 2334 966 rebus
2366 918 2741 978 spectatoribus

278 987 379 1033 iam
410 987 597 1035 iterum
629 992 782 1048 atque
814 987 1021 1047 saepius
1054 987 1302 1046 expositis
1345 987 1427 1047 (cf.
1475 1003 1521 1034 v.
1559 992 1856 1034 1135—1138
1903 1001 2020 1035 cum
2067 1001 2115 1036 v,
2151 994 2388 1036 lov-‘doe
2419 992 2470 1037 et
2499 994 2739 1037 479-485

278 1063 330 1106 01
361 1061 619 1119 876-879)
650 1060 1075 1119 Amphitruonem
1106 1073 1311 1119 quoque
1344 1061 1540 1117 docere.
1573 1060 1728 1120 idque
1748 1059 1960 1119 perinde
1990 1060 2098 1107 acsi
2130 1073 2288 1108 scena
2307 1061 2628 1110 antecedenti
2653 1060 2739 1110 ille

277 1145 371 1190 per
401 1131 661 1178 Bromiam
693 1131 927 1179 ancillam
960 1131 1168 1190 copiose
1202 1133 1265 1178 de
1299 1132 1493 1179 eisdem
1522 1131 1680 1179 rebus
1712 1131 1897 1178 certior
1925 1145 2030 1179 non
2062 1136 2202 1179 esset
2231 1131 2410 1181 factus.
2453 1167 2456 1170 -

498 1224 757 1286 Quorsum
787 1226 945 1287 igitur
975 1229 1080 1275 tam
1110 1227 1271 1274 multa
1318 1227 1382 1274 de
1413 1226 1526 1276 istis
1557 1225 1984 1287 repetitionibus?
2028 1226 2178 1287 Quia
2224 1226 2306 1275 his
2353 1227 2600 1289 expositis
2633 1242 2738 1279 cer-

277 1299 458 1346 tiorem
507 1299 654 1359 quasi
671 1303 919 1346 normam
950 1299 1014 1347 ad
1050 1313 1204 1359 quam
1235 1299 1436 1359 prologi
1483 1312 1687 1360 quoque
1718 1298 2047 1359 repetitiones
2094 1295 2375 1348 referamus
2405 1299 2532 1349 mihi
2560 1300 2740 1350 videor

277 1371 581 1431 repperisse.
645 1370 896 1419 Videmus
928 1370 1084 1432 igitur
1105 1371 1167 1432 *in
1200 1384 1262 1419 eo
1296 1385 1326 1418 a
1355 1371 1607 1419 Mercurio
1640 1374 1718 1419 ter
1749 1371 1898 1420 nobis
1927 1371 2120 1419 narrari
2153 1371 2339 1420 Jovem
2385 1375 2583 1432 patrem
2621 1386 2740 1422 cum

276 1444 561 1490 Alcumena
592 1444 780 1490 cubare
812 1443 895 1502 (cf.
928 1457 975 1489 v,
1015 1448 1113 1499 112,
1149 1447 1250 1500 120,
1287 1444 1425 1500 131¹),
1464 1444 1546 1490 bis
1579 1457 1699 1490 eum
1729 1443 1783 1490 in
1814 1443 2199 1503 Amphitruonis
2229 1443 2505 1505 imaginem
2538 1458 2596 1492 se
2626 1458 2738 1492 ver-

276 1515 402 1563 tisse
435 1515 516 1575 (cf.
548 1530 596 1563 v.
635 1521 718 1562 115
752 1519 802 1563 et
837 1516 952 1576 121),
986 1529 1088 1576 qua
1119 1514 1327 1576 quidem
1358 1515 1410 1562 in
1441 1529 1497 1563 re
1533 1515 1626 1562 viri
1658 1515 1794 1563 docti
1824 1529 1978 1576 quam
2007 1516 2226 1564 maxime
2249 1516 2582 1587 offenderunt.
2636 1516 2739 1566 Sed

276 1589 321 1635 si
352 1590 451 1635 hoc
482 1589 625 1636 locos
659 1602 776 1635 cum
807 1588 1018 1648 reliquis
1049 1588 1340 1648 monologis
1374 1602 1530 1647 supra
1561 1588 1801 1645 tractat-iS‚
1848 1589 2007 1635 veluti
2040 1602 2157 1636 cum
2189 1603 2236 1635 V.
2270 1594 2554 1647 984—1008,
2603 1603 2738 1636 com-

274 1661 642 1719 paraverimus,
677 1675 766 1707 eos
801 1665 938 1708 certe
969 1674 1074 1708 non
1106 1659 1274 1719 magis
1305 1660 1602 1723 quamillos
1636 1659 1971 1707 offensionem
2001 1661 2190 1707 habere
2229 1661 2614 1709 concedendum
2645 1666 2736 1709 est.

275 1731 415 1791 Inest
447 1732 583 1780 enim
613 1731 667 1795 in
686 1731 930 1813 ,omnibus
950 1731 1032 1799 his
1054 1730 1431 1799 narrationibus
1455 1731 1601 1791 copia
1622 1731 1843 1792 quadem
1864 1731 2021 1779 nimia
2041 1731 2309 1793 fusiusque
2331 1731 2534 1781 dicendi
2555 1746 2736 1794 genus

262 1798 377 1865 ‘quo
409 1808 567 1864 poeta'
593 1806 730 1852 unde
763 1804 916 1852 modo
948 1804 1210 1863 prefectus
1243 1797 1323 1852 est
1360 1817 1542 1852 rursus
1588 1804 1764 1852 redeat
1813 1805 1877 1852 ad
1917 1817 2112 1852 novum
2161 1804 2351 1865 aliquid
2383 1818 2500 1852 cum
2539 1807 2736 1865 specta-

275 1877 472 1924 toribus
493 1876 989 1924 communicandum.
1039 1875 1190 1934 Quod
1210 1875 1346 1923 idem
1371 1875 1592 1925 cernitur
1608 1875 1660 1922 in
1680 1875 1754 1922 eis
1773 1875 1943 1924 scenis
1961 1875 2148 1935 quibus
2175 1876 2374 1924 animus
2393 1879 2737 1936 spectatorum

273 1949 326 1996 in
375 1949 554 2009 primis
603 1948 843 1996 delectari
874 1951 1029 2008 poeta
1060 1947 1310 2007 opinatur,
1359 1947 1512 1994 veluti
1561 1947 1693 1995 inter
1728 1948 2037 1995 Mercurium
2085 1952 2136 1995 et
2168 1948 2382 2006 Sosiam,
2430 1949 2483 1995 vi
2515 1950 2736 2010 quadam

274 2022 618 2069 distrahendis
652 2025 703 2069 et
732 2021 1095 2081 producendis.
1158 2022 1334 2080 Itaque
1367 2025 1452 2066 aut
1485 2034 1663 2067 omnes
1695 2021 1766 2067 illi
1799 2022 1863 2068 de
1896 2021 2083 2080 quibus
2131 2021 2332 2081 egimus
2371 2022 2632 2082 monologi
2662 2022 2734 2070 111-

274 2094 405 2153 tegri
453 2094 656 2141 delendi
705 2097 793 2140 aut
837 2093 1025 2152 integri
1073 2107 1191 2140 cum
1236 2093 1393 2139 rebus
1439 2092 1552 2139 istis
1599 2092 1842 2151 repetitis,
1892 2093 2127 2152 quamvis
2161 2107 2190 2139 a
2220 2096 2398 2140 nostro
2428 2092 2616 2140 iudicio
2650 2094 2734 2142 ab·

273 2167 529 2221 horreant,
582 2165 779 2212 ferendi
829 2168 963 2212 sunt.
1026 2165 1156 2212 Illud
1204 2164 1443 2224 quoniam
1490 2164 1601 2211 fieri
1648 2177 1752 2211 11011
1797 2167 1969 2223 potest
2014 2164 2137 2224 quin
2184 2164 2408 2211 fabulam
2455 2179 2519 2212 ex
2565 2164 2737 2212 fabula

275 2238 608 2297 expellamUS,
641 2236 945 2296 relinquitur
975 2240 1033 2284 ut
1065 2250 1156 2284 eos
1189 2250 1368 2284 omnes
1402 2251 1520 2284 cum
1551 2235 1729 2296 eisque
1762 2236 1973 2283 alteram
2012 2249 2215 2296 quoque
2246 2236 2445 2296 prologi
2477 2240 2675 2296 partem
2706 2251 2735 2284 0

273 2311 456 2357 Plauto
488 2310 602 2369 ipso
634 2309 863 2368 profecta
897 2312 947 2355 et
994 2322 1058 2356 ex
1098 2309 1374 2367 exemplari
1408 2307 1604 2356 Graeco
1652 2308 1802 2356 nobis
1848 2308 2108 2368 incognito
2146 2308 2210 2355 ad
2241 2308 2459 2356 verbum
2490 2322 2737 2369 expressa

273 2396 390 2436 esse
424 2384 706 2438 ducamus3
756 2382 895 2442 quod
945 2395 1006 2428 eo
1039 2382 1210 2429 minus
1242 2381 1427 2428 mirum
1459 2380 1729 2437 videbitur,
1778 2380 1821 2427 si
1853 2372 2115 2441 ingentem
2146 2380 2433 2428 fabularum
2464 2394 2735 2428 numerum

273 2457 337 2502 ad
368 2455 537 2501 Plauti
568 2468 756 2501 nomen
788 2456 1065 2501 relatarum
1095 2454 1445 2512 respiciemus.
1512 2453 1708 2510 Quodsi
1739 2467 1849 2500 rem
1879 2453 1950 2499 ita
1982 2467 2038 2500 se
2070 2453 2260 2499 habere
2292 2454 2547 2510 volumus,
2582 2454 2734 2500 etiam

271 2528 430 2574 altera
460 2527 546 2573 illa
578 2525 826 2573 dubitatio
860 2527 924 2573 de
957 2540 1057 2584 qua
1090 2540 1247 2584 supra
1280 2525 1515 2581 diximus,
1550 2525 1686 2583 quod
1720 2525 1783 2572 de
1815 2525 1973 2572 rebus
2003 2524 2188 2571 tuturis
2211 2527 2526 2583 spectatores
2559 2540 2589 2571 a
2618 2539 2732 2584 pro-

270 2600 391 2659 logo
425 2598 669 2647 certiores
700 2597 838 2655 flant‚
891 2597 1096 2646 tollitur.
1159 2597 1292 2646 Nam
1324 2598 1462 2658 quod
1509 2611 1602 2657 per
1647 2599 1804 2645 totam
1852 2596 2076 2645 fabulam
2107 2596 2296 2645 factum
2329 2610 2446 2645 esse
2478 2595 2730 2655 videmUS‚

271 2673 403 2721 idem
453 2672 670 2731 prologo
704 2672 1093 2720 concedendum
1142 2684 1258 2719 esse
1309 2673 1708 2718 consentaneum
1741 2672 1833 2717 est.
1899 2668 2069 2718 Causa
2116 2672 2286 2717 autem
2338 2682 2439 2729 qua
2469 2673 2651 2729 poetae
2683 2673 2734 2718 et

272 2744 501 2794 Graecus
535 2747 586 2791 et
618 2743 770 2792 etiam
802 2743 968 2803 magis
991 2743 1204 2792 Latinus
1237 2742 1556 2791 ducebantur
1588 2755 1650 2790 ea
1682 2744 1802 2798 erat,
1835 2742 1972 2801 quod
2005 2744 2259 2799 „veterem
2290 2744 2442 2801 atque
2473 2741 2730 2802 antiquam

269 2831 379 2865 rem
410 2829 601 2865 novam
631 2815 985 2876 proferebant“
1023 2815 1101 2874 (cf.
1136 2829 1181 2863 v.
1218 2815 1319 2876 118)
1352 2827 1529 2874 eoque,
1578 2827 1644 2862 ne
1678 2815 2022 2873 spectatorum
2053 2816 2253 2862 mentes
2298 2813 2731 2874 perturbarentur,

269 2890 439 2938 futura
476 2889 551 2937 eis
573 2888 792 2948 prodere
817 2887 1147 2949 cogebantur.
1211 2887 1482 2935 Praeterea
1503 2886 1705 2935 illorum
1729 2885 2162 2946 exspectationem
2184 2886 2342 2935 rebus
2363 2886 2492 2947 ipsis
2514 2886 2732 2936 narratis

268 2976 373 3009 non
405 2961 578 3016 deleri,
612 2961 705 3007 sed
739 2973 856 3006 cum
888 2960 1015 3007 alias
1035 2963 1145 3007 tum
1165 2959 1220 3005 in
1240 2962 1416 3028 nostra
1436 2959 1607 3005 fabula
1629 2972 1729 3018 qua
1750 2958 1875 3005 fiant
1894 2958 2104 3015 ratione,
2138 2959 2189 3005 in
2212 2959 2308 3005 hac
2330 2972 2483 3018 quam
2511 2958 2730 3005 maxime

269 3039 421 3095 atque
456 3034 584 3081 adeo
618 3032 767 3080 unice
802 3047 919 3081 esse
951 3031 1172 3092 positam
1205 3046 1356 3078 nemo
1388 3031 1667 3092 negaverit.
1903 3070 1935 3102 κ

491 3183 520 3229 ¹)
549 3178 613 3220 Ex
641 3179 707 3220 his
735 3178 928 3220 versibus
957 3177 1125 3219 minime
1153 3190 1193 3218 v.
1228 3181 1302 3218 112
1333 3189 1426 3218 cum
1454 3176 1768 3229 insequentibus
1802 3180 2012 3217 113-114
2042 3201 2092 3206 -
2123 3175 2163 3217 id
2192 3175 2305 3228 quod
2333 3175 2597 3229 potissimum
2626 3187 2730 3216 non·

269 3243 368 3287 nulli
397 3243 474 3287 viri
503 3243 614 3288 docti
642 3243 864 3287 voluerunt
907 3269 958 3275 —
1002 3241 1116 3298 digni
1147 3244 1244 3286 sunt
1273 3240 1342 3297 qui
1371 3240 1579 3290 eiciantur,
1621 3243 1840 3296 propterea
1882 3241 1995 3296 quod
2024 3240 2102 3284 nisi
2132 3253 2184 3285 ex
2213 3239 2274 3284 eis
2302 3242 2467 3285 noctem
2496 3238 2730 3295 longiorem

267 3323 366 3355 esse
393 3310 545 3355 factam
574 3312 833 3367 spectatores
861 3322 948 3354 non
978 3311 1253 3366 cognoscunt.
1312 3307 1439 3352 Aliter
1466 3307 1576 3352 enim
1605 3319 1740 3364 neque
1769 3307 1898 3352 verba
1927 3306 2076 3352 Sosiae
2105 3309 2161 3360 (v.
2192 3309 2423 3362 271—276)
2459 3318 2595 3363 neque
2623 3304 2730 3349 Mer-

269 3378 370 3420 curii
400 3381 648 3430 (277—278)
679 3377 948 3432 perciperent.
2542 3371 2545 3372 ⁷
