3037 3800
1434 185 1640 226 -6-

520 324 803 372 Videamus
851 337 988 370 nunc
1035 323 1161 385 quid
1193 325 1400 372 tandem
1434 324 1503 376 sit
1529 326 1889 382 argumentum
1920 323 2061 382 quod
2107 322 2196 382 qui
2224 322 2556 382 prologorum
2588 326 2760 382 partes

299 400 461 455 agunt
493 411 611 443 cum
642 395 1019 454 spectatoribus
1069 410 1127 444 se
1159 397 1626 443 communicaturos
1654 395 1967 454 promittunt.
2030 394 2108 440 De
2154 407 2259 452 quo
2305 393 2477 441 minus
2523 394 2761 443 distincte

299 480 456 527 quam
487 481 573 514 res
603 466 830 526 postulat
860 466 956 514 viri
1004 467 1142 517 docti
1173 467 1296 515 mihi
1328 467 1565 515 videntur
1611 465 1796 527 egisse.
1858 464 2088 517 Verbum
2135 463 2272 512 enim
2318 467 2675 523 argumentum
2699 465 2760 526 *in

297 538 398 587 hoc
431 539 639 600 quidem
670 552 861 598 genere
895 538 1152 603 duplicem
1184 538 1339 587 habet
1386 537 1824 599 significationem,
1871 537 2082 589 alteram
2112 549 2269 598 quam
2313 549 2410 585 nos
2440 535 2617 598 lingua
2646 550 2761 587 vcr-

298 612 482 659 nacula
499 610 969 671 ,‚Inhaltsangabe“‚
992 611 1205 662 alteram
1226 624 1382 671 quam
1404 623 1531 658 voce
1555 625 1583 659 e
1605 609 1868 669 Gallorum
1888 609 2065 670 lingua
2083 609 2241 669 petita
2259 608 2464 668 „Suiet“
2479 608 2760 667 reddimus,

298 682 481 731 Graeci
512 686 683 730 autem
730 680 948 727 ὖπόθεσιν
992 685 1200 731 vocant:
1246 683 1332 730 illa
1373 687 1430 730 ut
1459 682 1630 732 locum
1660 684 1798 732 recte
1830 685 1970 736 tenet
2003 681 2054 730 in
2089 681 2165 729 eis
2196 680 2512 741 argumentis
2543 693 2676 741 quae
2707 684 2761 730 et

299 755 538 802 omnibus
570 758 775 814 praeter
804 754 1092 803 Bacchides
1122 755 1308 803 fabulis
1341 769 1472 815 quae
1505 758 1708 804 exstant
1737 754 1988 806 Plautinis
2034 758 2086 802 et
2115 753 2430 801 Terentianis
2475 750 2760 812 praemissa

298 827 363 874 ad
397 825 664 874 Sidonium
695 825 1046 885 Apollinarem
1077 828 1236 887 vulgo
1268 827 1570 883 referuntur,
1618 826 1688 874 ita
1718 841 1749 873 a
1779 824 2009 886 prologis
2056 839 2270 885 prorsus
2318 824 2612 884 repellenda
2649 828 2756 883 est;

295 898 424 945 haec
453 898 507 945 in
539 898 770 957 prologis
803 898 1062 956 propriam
1094 898 1249 946 habet
1280 900 1455 946 sedem
1489 911 1657 957 neque
1688 897 1843 945 huius
1874 896 2163 955 argumenti
2176 897 2288 943 ullo
2310 896 2464 943 modo
2484 899 2566 942 est
2586 896 2757 943 omnia

296 981 430 1028 quae
461 972 664 1016 actores
686 969 739 1016 in
762 981 918 1016 scena
938 969 1136 1028 gesturi
1170 972 1291 1018 sunt
1321 972 1440 1016 aute
1471 968 1648 1016 initam
1681 968 1904 1016 fabulam
1933 966 2309 1027 spectatoribus
2337 967 2568 1027 prodere,
2599 965 2756 1027 siqui·

298 1042 415 1089 dem
448 1044 811 1101 argumentum
843 1041 895 1088 vi
927 1041 1192 1101 principali
1224 1041 1278 1092 id
1310 1045 1390 1089 est
1421 1041 1560 1101 quod
1592 1040 1811 1100 pertinet
1842 1041 1907 1088 ad
1929 1039 2250 1100 arguendum
2274 1042 2384 1097 (zur
2403 1039 2755 1100 Klarlegung).

295 1112 578 1172 Dziatzko¹)
612 1113 820 1173 quidem
852 1125 970 1160 cum
1002 1116 1182 1172 poetas
1215 1112 1441 1162 Graecos
1473 1112 1715 1172 Euripide
1755 1113 1885 1161 duce
1919 1125 2036 1160 cum
2075 1110 2425 1170 spectantibus
2457 1123 2612 1170 saepe
2652 1123 2756 1159 non

296 1185 464 1232 solum
497 1197 631 1244 quae
664 1187 781 1232 ante
830 1188 943 1231 acta
975 1188 1164 1241 essent,
1215 1187 1307 1234 sed
1341 1185 1492 1232 etiam
1525 1185 1693 1232 futura
1724 1184 1954 1244 prologis
2001 1182 2409 1232 communicasse
2440 1184 2599 1242 putat,
2646 1185 2756 1230 tum

295 1256 516 1303 maxime
549 1259 729 1316 poetas
762 1256 986 1313 LatinOS‚
1020 1269 1140 1304 cum
1171 1257 1474 1316 praesertim
1505 1259 1821 1316 spectatores
1853 1256 2069 1304 Romani
2100 1254 2396 1303 incultiores
2434 1257 2587 1315 atque
2618 1253 2754 1302 rudi-

295 1341 412 1374 ores
446 1341 600 1388 quam
623 1327 806 1375 Graeci
828 1329 892 1375 ad
927 1342 1040 1375 eam
1061 1328 1216 1376 animi
1236 1329 1623 1376 delectationem
1645 1329 1874 1376 fuissent.
1939 1329 2006 1375 At
2028 1341 2130 1388 quo
2163 1327 2274 1374 iure
2301 1326 2372 1373 ita
2398 1326 2756 1374 ratiocinatur?

294 1401 426 1446 Nam
458 1400 678 1458 primum
714 1404 877 1447 aetate
925 1401 1011 1447 illa
1043 1414 1145 1459 qua
1184 1402 1398 1448 Plautus
1431 1401 1649 1447 maxime
1702 1401 1918 1446 florebat
1961 1401 2063 1446 iam
2094 1400 2466 1459 quinquaginta
2497 1399 2602 1444 fere
2635 1399 2753 1445 anni

292 1471 544 1518 interiecti
577 1474 722 1519 erant
758 1476 1033 1531 postquam
1066 1472 1242 1520 Livius
1274 1472 1600 1520 Andronicus
1631 1472 1852 1530 primum
1883 1471 2105 1519 fabulam
2136 1472 2329 1518 Romae
2361 1471 2618 1525 docuerat,
2651 1483 2754 1530 qua

293 1546 458 1590 aetate
493 1542 619 1590 Cato
668 1544 1041 1591 redundantem
1074 1543 1388 1592 Graecorum
1435 1544 1628 1590 cultum
1675 1547 1827 1603 atque
1876 1543 2180 1602 elegantiam
2227 1542 2464 1589 omnibus
2504 1542 2754 1589 machinis

292 1615 619 1674 reprimenda
652 1628 769 1662 esse
804 1615 1061 1663 censebat.
1125 1616 1254 1663 Tum
1286 1615 1439 1663 ullius
1487 1616 1732 1674 temporis
1762 1614 1997 1662 homines
2044 1617 2148 1662 tam
2193 1614 2350 1662 rudes
2398 1618 2486 1660 aut
2516 1625 2633 1661 esse
2666 1616 2754 1661 aut

292 1687 454 1734 fuisse
486 1700 622 1746 nego
655 1686 744 1747 qui
775 1686 999 1734 fabulam
1032 1688 1319 1736 Plautinam
1351 1692 1654 1747 argumento
1680 1701 1782 1735 non
1807 1687 2159 1746 copiosissime
2190 1689 2394 1733 narrato
2415 1699 2520 1733 non
2539 1688 2754 1744 possent

292 1758 603 1818 intellegere.
667 1758 903 1818 Denique
935 1759 987 1806 in
1035 1759 1335 1819 fragmentis
1382 1763 1648 1819 poetarum
1682 1760 1994 1807 Graecorum
2026 1757 2316 1806 testimonia
2361 1771 2426 1804 ex
2473 1756 2661 1817 quibus
2698 1756 2752 1805 id
2827 1785 2830 1789 ·

293 1829 464 1890 colligi
495 1829 646 1876 liceat
675 1830 828 1886 nulla,
876 1830 928 1877 in
961 1830 1188 1891 prologis
1221 1831 1515 1879 Latinorum
1564 1831 1741 1891 eisque
1790 1831 1915 1878 solis
1947 1829 2195 1878 Plautinis
2240 1842 2498 1889 perpauca
2535 1831 2750 1885 exstant,

293 1903 388 1949 sed
421 1914 551 1962 quae
599 1901 699 1949 nisi
748 1901 1027 1961 singularis
1059 1903 1313 1963 quaedam
1344 1903 1613 1951 intercedit
1641 1902 1770 1950 ratio
1809 1902 2092 1951 adulterina
2130 1901 2234 1950 sint
2263 1901 2548 1950 iudicanda.
2609 1900 2755 1949 Euri-
2829 1945 2835 1953 .

292 1974 443 2032 pides
476 1977 646 2019 autem
679 1973 870 2033 quibus
904 1974 1076 2020 causis
1108 1974 1278 2021 futura
1309 1987 1675 2034 nonnunquam
1696 1974 1926 2034 prologis
1957 1973 2252 2033 praecipere
2281 1976 2564 2032 cogeretur,
2599 1973 2755 2032 supra

291 2045 392 2090 iam
427 2045 832 2091 demonstratum
866 2049 958 2091 est.
1022 2046 1131 2092 Nec
1179 2058 1302 2092 vero
1351 2046 1488 2105 quod
1533 2047 1597 2093 ad
1629 2045 1945 2105 tragoediam
1992 2045 2254 2104 aptissime
2287 2045 2505 2104 quadrat
2533 2044 2670 2092 idem
2700 2044 2754 2091 in

293 2115 611 2162 comoediam
645 2115 794 2163 cadit.
858 2116 928 2163 Ut
959 2116 1092 2162 enim
1127 2117 1436 2177 Lessingio¹)
1468 2119 1811 2165 concedamus
1834 2120 1994 2164 artem
2015 2117 2262 2177 tragicam
2290 2117 2354 2164 ad
2377 2117 2621 2164 maiorem
2642 2129 2754 2176 per-

292 2188 412 2234 duci
434 2201 590 2246 posse
612 2188 992 2246 perfectionem,
1026 2188 1071 2235 si
1095 2192 1410 2247 spectatores
1431 2189 1600 2236 statim
1622 2189 1674 2236 in
1695 2189 1860 2248 primo
1890 2188 2268 2248 tragoediarum
2288 2188 2432 2236 initio
2455 2189 2518 2236 de
2541 2188 2755 2236 actionis

292 2259 656 2318 progressione
675 2259 758 2305 vel
777 2259 927 2306 etiam
945 2262 1208 2318 postremo
1226 2264 1414 2307 eventu
1432 2262 1787 2317 edocerentur;
1806 2263 2150 2319 spectatorum
2167 2260 2303 2307 enim
2319 2260 2517 2308 animos
2534 2273 2637 2307 non
2651 2263 2751 2308 tam

291 2331 369 2378 eis
393 2344 524 2390 quae
542 2331 724 2377 fierent
740 2343 897 2390 quam
920 2345 1022 2392 qua
1043 2332 1226 2379 fierent
1246 2333 1440 2380 ratione
1464 2333 1774 2379 commoveri
1794 2348 1804 2379 :
1836 2346 2005 2380 nonne
2023 2335 2198 2380 contra
2212 2332 2265 2379 in
2283 2332 2562 2380 comoediis
2585 2332 2755 2379 omnia

290 2403 346 2449 in
369 2402 750 2462 exspectatione
775 2406 1122 2462 spectatorum
1155 2405 1375 2453 tenenda
1397 2408 1518 2452 sunt
1537 2404 1742 2464 posita?
1804 2404 1946 2463 Quae
1969 2404 2014 2452 si
2034 2408 2142 2453 tota
2161 2404 2333 2452 fabula
2353 2406 2502 2452 antea
2524 2406 2755 2451 enarrata

292 2478 447 2531 esset,
481 2475 597 2521 sine.
625 2475 782 2522 dubio
815 2476 1084 2523 deleretur.
1148 2478 1306 2523 Recte
1339 2477 1438 2524 hoc
1469 2477 1597 2524 vidit
1628 2477 1903 2536 Donatus-³)
1943 2490 2060 2524 cum
2099 2478 2163 2525 de
2197 2476 2490 2524 comoediae
2523 2475 2754 2535 partibus

290 2544 455 2607 agens
487 2546 557 2593 ita
590 2546 866 2594 scriberet:
900 2547 1159 2603 „Protasis
1193 2552 1272 2596 est
1302 2548 1501 2608 primus
1533 2552 1678 2596 actus
1710 2548 2012 2609 initiumque
2046 2548 2288 2596 dramatis
2320 2561 2423 2608 qua
2453 2561 2574 2608 pars
2604 2560 2752 2607 argu-

289 2618 449 2666 menti
500 2617 784 2676 explicatur
830 2632 949 2677 pars
997 2619 1239 2666 reticetur
1271 2621 1333 2667 ad
1381 2620 1556 2679 populi
1590 2621 2023 2679 exspectationem
2070 2621 2357 2668 tenendam.
2420 2619 2642 2679 Epitasis
2674 2621 2755 2666 est

290 2690 667 2737 incrementum
699 2702 1083 2750 processusque
1117 2691 1383 2738 turbarum
1431 2705 1489 2738 ac
1536 2692 1692 2739 totius
1736 2695 1794 2739 ut
1824 2692 1894 2739 ita
1941 2692 2108 2740 dicam
2140 2692 2309 2739 nodus
2342 2691 2543 2738 erroris.
2609 2689 2733 2738 Cata

291 2763 502 2821 strophe
521 2764 602 2809 est
620 2762 891 2808 conversio
910 2775 1081 2809 rerum
1098 2763 1162 2809 ad
1186 2762 1435 2811 iocundos
1461 2764 1628 2812 exitus
1645 2764 1898 2824 patefacta
1917 2764 2085 2812 cuntis
2103 2763 2391 2824 cognitione
2409 2762 2754 2823 gestorum.“⁴)

291 2836 405 2892 Qua
436 2848 492 2881 re
522 2833 623 2881 nisi
658 2834 787 2881 forte
821 2838 910 2881 aut
941 2849 971 2881 a
1004 2835 1170 2895 poetis
1204 2834 1414 2884 Graecis
1447 2839 1533 2884 aut
1565 2850 1594 2883 a
1625 2836 1807 2884 Plauto
1847 2850 1958 2884 eam
1992 2836 2410 2897 exspectationen
2443 2836 2561 2883 data
2599 2847 2755 2896 opera

288 2921 661 2967 nonnunquam
694 2907 914 2954 deletam
963 2908 1260 2968 nodumque
1308 2909 1449 2967 prius
1496 2923 1651 2968 quam
1698 2913 1989 2957 necteretur
2036 2910 2262 2957 solutum
2307 2922 2425 2956 esse
2463 2908 2754 2956 inducimus
2813 2923 2817 2925 ·

288 2979 547 3026 animum:
581 2992 672 3025 eos
704 2980 789 3025 vel
820 2980 1051 3040 integros
1084 2981 1326 3040 prologos
1359 2981 1441 3027 vel
1473 2981 1708 3041 singulos
1739 2982 1792 3028 in
1814 2982 1889 3028 eis
1921 2982 2078 3038 locos,
2111 2981 2200 3041 qui
2220 2981 2340 3028 huic
2362 2980 2574 3028 consilio
2595 2979 2753 3027 mani-

289 3052 419 3099 feste
452 3055 742 3109 repugnent
774 3056 825 3099 et
859 3052 1199 3111 posteriorum
1232 3052 1541 3100 imitatorum
1572 3054 1791 3112 ineptias
1823 3053 2144 3112 apertissime
2177 3054 2390 3112 sapiant,
2439 3053 2754 3099 confidenter

288 3124 440 3169 obelo
470 3124 709 3169 notemus
743 3128 793 3170 et
826 3125 1143 3182 expellamus
1176 3138 1241 3170 ex
1273 3124 1467 3171 Plauto,

513 3233 543 3283 ¹)
575 3230 703 3273 Plaut.
735 3229 841 3272 Prol.
873 3231 980 3284 Allg.
1012 3230 1111 3274 Ges.
1143 3243 1181 3284 p.
1218 3235 1277 3272 14.
1364 3232 1394 3282 2)
1424 3230 1571 3274 Hamb.
1604 3230 1784 3273 Dramat.
1815 3230 1840 3277 1.
1870 3234 1934 3273 48.
2021 3232 2052 3282 ³)
2081 3230 2133 3273 de
2176 3242 2282 3272 com.
2327 3243 2366 3285 p.
2404 3229 2536 3278 xvln.
2585 3233 2632 3272 18
2662 3240 2753 3282 sqq.

289 3295 429 3348 (Klotz
459 3297 500 3339 in
529 3297 624 3340 edit.
653 3296 835 3349 Terent.)
894 3298 925 3349 ⁴)
955 3296 1007 3339 ef.
1027 3295 1119 3339 Ter.
1142 3296 1218 3339 Ad.
1236 3296 1340 3351 prol.
1372 3299 1559 3339 22—24:
1593 3295 1776 3346 „Dehinc
1806 3307 1858 3338 ne
1887 3296 2135 3351 exspectetis
2163 3298 2452 3350 argumentum
2481 3295 2672 3338 fabulae:
2703 3317 2753 3323 —

291 3361 428 3403 Senes
457 3362 528 3416 qui
558 3362 679 3417 primi
707 3362 887 3408 venient,
918 3362 955 3403 ei
984 3365 1143 3417 partem
1173 3361 1370 3416 aperient,
1402 3386 1450 3391 —
1480 3362 1522 3403 ln
1551 3362 1718 3416 agendo
1747 3364 1905 3416 partem
1934 3361 2190 3403 ostendent.“
