3037 3800
1353 186 1560 227 ..5-

237 334 350 371 non
355 319 572 378 impedit
601 320 875 378 quominus
906 334 968 367 ea
993 322 1153 368 verba
1182 337 1214 369 a
1239 324 1454 384 prologo
1486 330 1720 384 separato
1750 327 1887 374 haud
1909 329 2017 375 scio
2041 343 2106 376 an
2127 329 2303 377 verbis
2322 334 2519 389 poetae,
2552 331 2645 378 ut
2628 346 2684 379 in
2724 368 2725 371 η

235 390 468 453 prologis
485 391 801 439 Terentianis
820 391 932 440 fieri
953 394 1097 451 solet,
1127 395 1453 454 pronuntiata
1470 409 1590 444 esse
1612 397 1896 446 credamus.
1957 400 2137 460 Neque
2158 401 2442 453 sententiae
2475 405 2684 450 nostrae

129 439 160 452 l
234 466 491 525 repugnat
506 463 592 511 hic
610 463 758 512 locus
778 463 1062 525 Demetrii¹)
1082 462 1465 526 grammaticiz,
1463 467 1530 519 ,Ἡ
1537 467 1591 514 δὸ
1605 469 1781 528 τοιαύτη
1797 468 2098 516 armanum«
2111 472 2304 518 καλειται
2314 480 2482 534 κίφος,
2491 471 2688 534 don-‘0‘

234 531 571 596 παρήκων.
599 534 1048 595 §qma-»novumc-
1074 536 1304 620 03³³an
1332 538 1453 598 aava·
1481 539 1727 584 muco»
1754 540 1879 594 λέγει·
1908 545 1981 584 m
2007 545 2131 602 παρὰ
2160 545 2408 604 Μενάνδρῳ
2434 543 2537 590 aa
2510 561 2538 590 ο
2567 547 2683 627 '5‘ss

232 606 352 663 hm
377 609 452 666 σῆς
477 611 767 668 Ιὶᾶῦινινιινᾶσις,α
799 621 863 656 ex
898 621 1001 677 quo
1031 608 1148 670 quis
1179 609 1399 670 separati
1425 583 1713 660 Messeniae
1745 611 1943 671 prologi
1990 627 2264 663 memorem
2305 615 2376 663 ita
2407 615 2682 699 scripsisse

231 679 549 728 Demetrium
581 693 676 728 suo
722 679 834 728 iure
866 680 1141 741 collegerit.
1203 681 1406 742 Optime
1455 686 1624 732 autem
1669 683 1722 730 in
1771 684 2022 732 sententia
2051 691 2225 735 nostra
2254 688 2522 747 probanda
2550 688 2682 750 ipsis

233 751 512 801 comoediis
530 751 780 800 Plautinis
804 752 1126 824 adiuvamur.
1172 753 1266 807 ,Ex
1295 753 1360 803 iis
1391 755 1524 804 enim
1547 758 1665 803 cum
1687 756 1909 816 quinque
1941 760 2170 805 exstent:
2203 758 2390 808 Casina
2408 761 2681 810 Menaech-

230 823 301 872 mi
321 824 662 874 Truoulentus
683 823 883 885 Captivi
907 823 1171 875 Poenulus
1196 854 1252 862 ·-
1275 826 1562 876 Asinariam
1595 831 1648 876 et
1667 828 1982 877 Pseudolum
2013 829 2097 877 hic
2129 831 2297 880 sciens
2326 833 2679 893 praetermitto

234 922 282 930 —
319 897 513 957 quibus·
536 897 738 958 prologi
769 898 990 958 separati
1019 898 1269 959 propositi
1301 904 1435 956 sunt,
1467 901 1685 948 fortasse
1716 901 1854 948 haud
1886 901 2074 949 nimius
2105 903 2294 960 videar,
2327 905 2371 952 si
2401 919 2492 955 eos
2514 906 2627 954 sive
2648 921 2681 953 a

220 969 412 1017 Plauto
440 968 834 1029 ,diligentissimo
856 969 1170 1018 Graecorum
1199 974 1466 1030 poetarum
1496 973 1772 1030 interprete
1794 973 1860 1018 ad
1884 973 2092 1029 Graeca,
2133 976 2243 1021 sive
2274 976 2339 1022 ab
2371 978 2483 1024 eius
2512 978 2679 1025 imita-

228 1041 426 1089 toribus
457 1045 510 1089 et
538 1041 987 1101 interpolatoribus
1018 1044 1084 1091 ad
1114 1042 1279 1102 ipsius
1311 1043 1476 1091 Plauti
1525 1044 1759 1103 exempla
1790 1045 2108 1104 conscriptos
2141 1060 2256 1094 esse
2290 1050 2556 1098 contendo.
2620 1050 2676 1098 In

229 1113 426 1172 quibus<
448 1114 492 1161 si
523 1117 704 1173 poetae
737 1113 918 1162 Graeci
948 1115 1032 1170 vel
1062 1128 1311 1174 personas
1341 1115 1540 1165 fabulae
1571 1116 1656 1164 vel
1687 1117 1816 1169 θεοὺς
1845 1116 1939 1161 α’πό
1968 1120 2159 1178 μηχανῆς
2190 1119 2254 1167 ad
2283 1121 2567 1170 enarranda
2598 1136 2678 1170 ar-

227 1189 472 1245 gumenta
516 1185 884 1243 adhibuissent,
932 1200 1036 1234 non
1082 1186 1235 1235 video
1275 1201 1484 1236 causam
1515 1202 1608 1235 cur
1638 1187 1876 1236 Plautum
1925 1202 2102 1237 eorum
2135 1190 2351 1250 vestigia
2398 1192 2523 1242 alias
2561 1207 2698 1253 pre--

226 1260 450 1306 mentem
493 1258 579 1306 hic
624 1271 742 1306 cum
786 1258 1033 1318 gravibus
1077 1258 1242 1319 iisque
1287 1258 1551 1308 inutilibus
1581 1259 1634 1307 in
1667 1259 2031 1319 componendis
2079 1260 2263 1310 fabulis
2309 1264 2677 1314 mutationibus

227 1330 560 1390 dereliquisse
593 1334 891 1379 statuamus.
953 1331 1115 1391 Igitur
1143 1331 1373 1390 prologis
1404 1345 1606 1391 quoque
1661 1332 1909 1390 separatis
1937 1333 2038 1380 iam
2090 1337 2267 1392 poetas
2291 1335 2515 1384 Graecos
2547 1351 2676 1385 usos

226 1415 342 1450 esse
374 1405 598 1462 apparet.
662 1403 828 1462 Atque
861 1417 925 1450 ex
955 1403 1142 1451 fabulis
1173 1403 1422 1451 Plautinis
1455 1404 1497 1451 si
1529 1403 1841 1450 Graecarum
1870 1404 2144 1463 imaginem
2191 1430 2250 1440 --
2281 1406 2333 1452 id
2365 1409 2504 1466 quod
2533 1409 2673 1456 haud

224 1473 370 1521 facile
401 1474 659 1522 refellatur
704 1501 764 1510 -—
810 1475 928 1522 licet
957 1479 1260 1532 restaurare,
1309 1475 1460 1523 etiam
1492 1475 1681 1534 duplex
1712 1488 1773 1521 ac
1806 1475 2020 1522 mixtum
2051 1477 2308 1534 quoddam
2341 1479 2674 1539 prologorum

223 1561 404 1606 genus,
436 1546 490 1594 in
520 1547 708 1606 quibus
741 1548 1025 1607 argumenti
1057 1548 1216 1595 altera
1244 1561 1365 1607 pars
1398 1561 1428 1594 a
1458 1560 1679 1606 persona
1700 1546 1901 1594 fabulae
1927 1547 2083 1594 altera
2113 1548 2194 1595 vel
2228 1562 2257 1595 a
2289 1550 2385 1597 deo
2417 1551 2500 1598 vel
2532 1565 2563 1598 a
2594 1565 2674 1600 se·

222 1622 400 1678 parato
432 1619 647 1679 prologo
689 1619 850 1667 aliave
881 1633 1102 1679 persona
1141 1619 1260 1667 ficta
1291 1628 1644 1679 exponeretur,
1693 1618 1758 1665 ab
1791 1619 1985 1666 eisdem
2031 1620 2197 1678 poetis
2242 1621 2507 1669 inventum
2554 1637 2674 1672 esse

221 1691 595 1753 intellegimus:
640 1691 722 1739 cui
759 1691 935 1752 generi
966 1692 1223 1740 luculento
1269 1691 1562 1739 testimonio
1613 1695 1735 1739 sunt
1786 1690 2067 1739 Cistellaria
2118 1692 2442 1742 Trinummus
2482 1695 2672 1744 Trucu-

220 1767 391 1813 lentus
411 1766 690 1812 Plautinae.
754 1765 897 1822 Quae
936 1779 1052 1812 cum
1082 1765 1153 1812 ita
1185 1764 1298 1821 sint,
1330 1768 1525 1812 tantum
1564 1763 1712 1812 abest
1741 1768 1799 1811 ut
1819 1764 2143 1812 Dziatzkonis
2174 1765 2311 1813 illam
2341 1766 2394 1813 in
2426 1768 2671 1828 prologos

222 1837 446 1885 Graecos
480 1841 531 1884 et
559 1838 820 1884 Romanos
852 1836 1156 1885 divisionem
1194 1851 1296 1895 qua
1327 1851 1417 1885 cos
1448 1837 1499 1884 in
1530 1850 1748 1884 examen
1780 1840 1929 1884 vocat
1959 1837 2252 1896 probemus,
2296 1842 2358 1885 ut
2389 1853 2569 1888 omnes
2601 1841 2671 1887 fa-

160 1941 166 1949 ·
218 1909 454 1957 bularum
486 1908 835 1957 Plautinarum
866 1909 1109 1968 prologos
1158 1911 1371 1968 excepto
1404 1907 1578 1967 spurio
1611 1908 1877 1955 Asinariae
1923 1908 2230 1967 generaliter
2257 1910 2483 1969 ‘quidem
2516 1910 2670 1958 Grae·

220 1995 397 2029 corum
426 1995 570 2029 more
601 1981 918 2041 conscriptos
949 1993 1067 2029 esse
1089 1981 1456 2028 contendamus
1476 1980 1714 2039 illamque
1748 1979 2120 2027 distinctionem
2155 1981 2398 2040 quidqam
2418 1985 2662 2030 momenti

219 2056 369 2114 atque
391 2053 657 2100 certiorem
689 2053 835 2112 quasi
867 2065 1044 2100 ansam
1075 2053 1140 2100 ad
1176 2065 1298 2099 vere
1319 2052 1551 2098 Plautina
1586 2065 1617 2097 a
1652 2051 1794 2098 falsis
1833 2051 2156 2098 diiudicanda
2185 2053 2374 2100 babere
2405 2068 2668 2114 negemus.

431 2139 537 2186 Iam
598 2138 858 2198 quaeritur
919 2137 1040 2196 quid
1101 2137 1424 2196 potissimum
1485 2136 1536 2182 in
1606 2135 1890 2182 scribendis
1950 2135 2179 2194 prologis
2241 2140 2423 2194 poetae
2487 2139 2664 2184 comici

217 2211 378 2260 secuti
411 2211 523 2258 sint.
587 2209 830 2257 Dziatzko
875 2223 940 2256 ex
971 2208 1269 2269 fragmentis
1320 2211 1370 2255 et
1414 2207 1611 2255 mediae
1663 2211 1714 2254 et
1758 2221 1924 2254 novae
1972 2208 2266 2254 comoediae
2298 2208 2496 2255 Atticae
2537 2224 2666 2268 quae

215 2283 406 2332 diserto
438 2281 728 2330 testimonio
760 2285 848 2329 aut
877 2281 1129 2341 probabili
1151 2276 1440 2327 coniectura
1461 2279 1690 2339 prologis
1707 2279 1994 2326 tribuantur
2015 2282 2168 2338 caput
2199 2279 2253 2326 in
2275 2279 2350 2326 eis
2373 2282 2661 2339 argumenti

212 2354 552 2403 narrationem
583 2353 696 2402 aliis
726 2356 898 2401 tamen
928 2353 1086 2401 rebus
1117 2365 1221 2400 non
1252 2351 1474 2400 exclusis
1519 2351 1683 2399 fuisse
1730 2351 1915 2398 docuit.
1979 2351 2171 2399 Eodem
2215 2354 2447 2410 spectant
2485 2366 2664 2400 omnes

217 2427 304 2488 qui
336 2427 504 2475 adhuc
536 2428 738 2474 exstant
767 2425 967 2485 prologi
1014 2425 1300 2472 fabularum
1332 2424 1678 2471 Plautinarum
1726 2427 1929 2483 praeter
1973 2437 2131 2470 unum
2182 2425 2246 2470 de
2277 2437 2378 2483 quo
2427 2424 2527 2471 iam
2561 2425 2663 2471 dixi

215 2499 495 2546 Asinariae.
560 2497 747 2545 Contra
768 2497 1034 2544 Terentius
1067 2496 1204 2543 omni
1225 2496 1395 2543 studio
1427 2497 1491 2542 ad
1522 2496 1792 2542 maledicta
1821 2495 2011 2542 veteris
2041 2499 2222 2553 poetae
2259 2496 2536 2542 refellenda
2573 2502 2662 2543 aut

217 2571 282 2618 ad
312 2571 535 2618 fabulam
583 2569 956 2629 spectatoribus
1003 2569 1456 2616 commendandam
1479 2608 1482 2611 .
1502 2567 1684 2614 collato
1733 2570 2090 2626 argumentum
2139 2580 2202 2613 ne
2250 2565 2408 2614 verbo
2456 2567 2662 2626 quidem

216 2642 392 2703 attigit.
458 2642 559 2690 Sed
591 2638 830 2702 quoniam
875 2641 928 2687 in
960 2640 1184 2687 Andriae
1229 2640 1421 2699 primae
1467 2639 1667 2686 fabulae
1698 2639 1913 2698 prologo
1960 2653 2008 2684 v.
2042 2644 2069 2683 5
2103 2652 2175 2697 sq.
2225 2652 2283 2685 se
2331 2638 2383 2684 in
2432 2639 2662 2698 prologis

217 2714 506 2761 scribundis
731 2753 733 2755 .
1332 2725 1565 2769 „operam
1597 2711 1751 2765 abuti,

645 2797 762 2844 Non
793 2796 880 2856 qui
926 2798 1284 2855 argumentum
1314 2798 1495 2849 narret,
1529 2794 1620 2841 sed
1653 2793 1741 2852 qui
1772 2792 1994 2839 malivoli

647 2879 849 2928 Veteris
878 2883 1058 2940 poetae
1089 2879 1371 2927 maledictis
1402 2878 1741 2937 respondeat“

214 2990 457 3036 expresse
487 2975 838 3037 profiteatur⁸)‚
887 2978 1002 3023 ante
1034 2989 1153 3024 eum
1183 2954 1283 3022 hoc
1313 2974 1639 3034 prologorum
1685 2985 1851 3032 genus
1899 2974 1986 3018 aut
2030 2971 2347 3031 incognitum
2394 2974 2483 3018 aut
2522 2974 2662 3019 certe

211 3048 382 3097 minus
413 3049 657 3097 usitatum
686 3047 846 3096 fuisse
868 3051 1091 3108 apparet.
1151 3046 1498 3106 Intellegimus
1516 3045 1674 3104 igitur
1703 3057 1824 3091 vere
1846 3043 2080 3090 Plautina
2112 3044 2156 3090 si
2180 3043 2232 3090 in
2253 3043 2484 3103 prologis
2516 3043 2659 3090 fabu-

209 3119 373 3168 larum
389 3121 738 3169 Plautinarum
770 3123 890 3168 sunt
920 3120 1160 3176 eruenda,
1190 3118 1422 3166 facillime
1454 3117 1506 3163 in
1536 3116 1610 3163 eis
1638 3115 1869 3175 partibus
1891 3128 2024 3175 quae
2056 3116 2345 3175 argumenti
2368 3115 2660 3162 narratione

212 3192 564 3241 contineantur
593 3191 804 3252 reperiri
832 3205 1004 3253 posse.

429 3363 458 3414 ¹)
486 3361 539 3405 de
566 3362 669 3405 eloe.
699 3364 843 3415 §¹53-
901 3363 932 3414 ²)
961 3360 1024 3404 cf.
1053 3359 1144 3403 Ter.
1174 3359 1251 3402 Ad.
1279 3358 1382 3414 prol.
1412 3361 1490 3401 22:
1519 3357 1678 3400 Dehinc
1705 3368 1758 3399 ne
1786 3356 2034 3411 exspectetis
2061 3359 2353 3411 argumentum
2380 3356 2558 3399 tabulae.
