3037 3800
1431 232 1670 275 —r-lss—

312 369 454 417 nullo
501 370 656 418 modo
688 373 911 430 possunt
939 384 1034 432 pro
1078 371 1192 419 ioco
1241 385 1394 420 suum
1438 373 1608 420 locum
1646 374 1832 421 tenent.
1893 370 1960 418 Et
1999 370 2242 430 quoniam
2274 371 2498 438 nominis
2535 373 2774 425 Mercurii

312 442 505 490 mentio
536 455 642 489 non
673 442 882 490 omnino
914 443 1182 501 intercidit,
1239 445 1331 492 sed
1380 444 1496 493 loco
1526 442 1764 504 quamvis
1795 441 1961 491 alieno
1991 441 2124 490 facta
2154 447 2256 500 est,
2293 421 2529 504 sequitur
2555 445 2772 510 coasilio

312 518 574 561 auctorem
617 513 804 574 egisse.
866 515 975 563 Iam
1005 515 1273 563 manifeste
1304 516 1543 565 videmus
1573 514 1928 565 diasceuastae
1956 527 2166 574 operam
2197 513 2488 576 cerh'usqus
2518 506 2771 571 habenms

310 586 570 642 indicium,
602 587 685 634 cui
717 588 924 636 tandem
956 602 1040 635 vv.
1077 592 1266 644 17—-96‚
1299 587 1528 649 exceptis
1559 592 1619 636 ut
1647 601 1805 653 supra
1835 586 1939 635 dixi
1972 590 2166 643 62-63,
2214 585 2515 637 trimm-
2574 585 2771 641 Hisffio

312 657 447 706 enim
478 657 664 719 aliquis
694 672 790 719 per
818 659 1065 720 repetitae
1095 659 1299 708 fabulae
1331 657 1655 732 occasionem
1684 659 1736 707 id
1771 662 2012 720 spectans
2041 660 2100 706 ut
2129 657 2196 706 ab
2216 650 2536 721 aemulorum
2554 654 2781 722 perfidia,

310 730 526 790 prologo
556 744 687 778 usus
720 745 778 780 se
810 731 1125 784 defenderet
1135 732 1411 792 locumque
1441 722 1694 792 (iuaerens
1723 730 1815 779 ubi
1838 733 1956 791 apte
1988 743 2087 778 sua
2115 730 2331 802 prologo
2353 717 2590 788 Plautino
2610 731 2770 793 incul-

310 805 463 858 caret
515 816 635 850 eum
666 804 840 851 locum
869 807 989 863 post
1017 818 1073 851 V.-
1102 808 1158 850 16
1187 803 1451 852 invenisse
1488 803 1589 852 sibi
1617 803 1764 853 visus
1795 805 1889 851 est.
1951 802 2123 863 Atque
2153 797 2377 857 securus
2399 797 2481 853 de
2494 802 2620 853 vitio
2650 815 2768 866 gra·

308 873 525 922 vissimo
556 875 774 936 prologo
805 875 957 923 allato
988 874 1210 923 nominis
1248 874 1486 924 Mercurii
1515 875 1827 924 mentionem
1875 874 1940 922 ab
1972 873 2183 922 exordio
2213 874 2317 923 hue
2344 872 2616 940 tanstulit,
2665 889 2769 938 quo

308 946 442 993 facto
474 946 746 994 transitum
779 947 1106 994 commodum
1137 947 1203 994 ad
1234 960 1298 994 ea
1328 960 1459 1006 quae
1479 946 1579 1006 ipsi
1602 946 1876 1007 praecipue
1907 945 2049 994 cordi
2070 949 2216 993 erant
2233 944 2333 995 sibi
2353 945 2564 1006 paravit.
2619 945 2771 1006 Quod

307 1017 584 1078 plurimum
617 1017 730 1066 eius
759 1017 1054 1066 interfuisse
1085 1021 1237 1079 atque
1269 1019 1400 1067 adeo
1431 1018 1477 1066 ei
1509 1031 1768 1067 summam
1795 1017 1872 1066 rei
1901 1016 2064 1066 fuisse
2093 1017 2178 1066 vel
2206 1016 2328 1066 inde
2358 1017 2584 1079 apparet,
2630 1019 2770 1080 quod

307 1091 469 1137 multo
501 1090 746 1137 maiorem
777 1103 932 1150 quam
963 1102 1058 1150 pro
1088 1091 1163 1137 rei
1194 1090 1401 1138 levitate
1433 1091 1630 1151 prologi
1662 1093 1861 1150 partem
1880 1089 2010 1137 istae
2030 1102 2115 1137 res
2137 1093 2403 1150 occupant.
2466 1089 2602 1148 Quid
2629 1092 2769 1152 quod

307 1176 371 1208 ex
403 1166 610 1208 centum
649 1161 1029 1222 quinquaginta·
1064 1162 1269 1210 duobus
1315 1163 1555 1210 versibus
1601 1162 1790 1222 quibus
1835 1161 2082 1221 prologus
2129 1160 2418 1209 continetur
2460 1175 2567 1210 non
2595 1162 2768 1210 minus

307 1233 574 1293 sexaginta
605 1232 831 1293 quinque
864 1234 1049 1281 eodem
1069 1233 1351 1293 pertinent!
1415 1234 1667 1282 Versibus
1689 1237 1860 1281 autem
1882 1233 2125 1281 extremis
2146 1233 2362 1292 (sa-95)
2385 1231 2575 1294 quibus
2594 1233 2769 1282 fabula

306 1309 514 1365 propter
546 1306 579 1353 J
582 1319 735 1353 ovem
779 1308 831 1354 et
861 1306 1172 1354 Mercurium
1202 1306 1255 1353 in
1303 1320 1514 1354 scenam
1543 1306 1858 1366 prodeuntes
1906 1305 2293 1353 commendatur
2336 1304 2483 1354 facile
2515 1320 2766 1364 caremus,

305 1379 443 1437 quod
475 1379 657 1424 eadem
690 1378 1064 1425 commendatio
1103 1379 1155 1425 in
1187 1379 1427 1425 versibus
1461 1383 1698 1424 151-—152
1745 1377 1890 1425 inest
1954 1377 2153 1425 Deinde
2199 1377 2326 1425 illud
2371 1377 2558 1426 mirum
2605 1382 2686 1427 est
2716 1384 2768 1428 et

303 1449 427 1496 mihi
474 1449 684 1510 quidem
716 1449 1054 1497 adulterinam
1086 1464 1199 1497 eam
1228 1450 1429 1510 prologi
1475 1452 1673 1509 partem
1719 1463 1838 1497 esse
1883 1449 2023 1497 haud
2067 1449 2182 1496 leve
2213 1448 2576 1508 testimonium,
2627 1452 2766 1511 quod

303 1522 416 1569 eius
449 1525 628 1569 auctor
657 1523 690 1570 J
693 1536 846 1570 ovem
875 1525 934 1569 ut
965 1536 1022 1570 se
1055 1522 1119 1569 ab
1142 1522 1358 1570 aemulis
1389 1515 1593 1570 tueatur
1615 1523 1834 1569 invocat.
1895 1523 1978 1569 An
2007 1534 2132 1568 vero
2154 1521 2393 1570 Mercurii
2411 1534 2603 1571 numen
2625 1522 2766 1572 suffi-

304 1594 470 1640 ciebat
516 1595 581 1640 ad
629 1594 848 1653 gratiam
895 1597 1240 1652 spectatorum
1272 1594 1657 1650 conciliandam,
1704 1594 1842 1641 idem
1888 1595 1952 1641 ad
2000 1593 2316 1653 tragoediam
2362 1593 2418 1642 in
2449 1594 2767 1642 comoediam

303 1666 731 1723 commutandam,
784 1679 889 1713 non
942 1665 1230 1713 sufficiebat
1280 1666 1345 1714 ad
1394 1679 1604 1714 causam
1649 1664 1914 1714 histrionis
1962 1665 2100 1725 apud
2147 1666 2464 1724 spectatores
2511 1666 2766 1726 agendam

302 1737 642 1796 Juppiterque
674 1737 787 1796 ipse
820 1741 928 1784 erat
960 1738 1342 1785 arcessendus?
1404 1737 1603 1795 Quibus
1634 1736 1842 1797 ineptiis
1871 1737 2092 1784 maiores
2116 1735 2232 1784 vix·
2242 1749 2373 1784 esse
2389 1741 2636 1798 possunt.

517 1855 620 1903 Hix
652 1855 899 1916 expositis
947 1857 1086 1904 haud
1131 1856 1202 1904 ita
1233 1856 1437 1904 difficile
1483 1856 1688 1904 videtur
1718 1855 1929 1917 genuini
1960 1856 2160 1916 prologi
2208 1855 2252 1903 si
2289 1856 2461 1905 minus
2497 1856 2765 1916 pristinam

300 1928 530 1985 formam,
564 1932 616 1975 at
646 1927 918 1987 pristinum
950 1932 1122 1975 tamen
1155 1923 1524 1976 sententiarum
1556 1928 1787 1975 ordinem
1834 1940 1936 1988 quo
1984 1927 2300 1987 compositus
2342 1931 2451 1975 erat
2478 1929 2763 1986 restituere,

300 2015 454 2061 quem
486 2000 719 2049 ordinem
750 2000 1073 2050 diasceuasta
1102 2000 1187 2048 1118
1221 2000 1330 2049 suis
1363 2000 1663 2049 commentis
1684 1999 1865 2048 leviter
1884 1999 2081 2048 infertis
2113 2003 2383 2048 contentus
2411 2000 2500 2048 vix
2526 2000 2762 2059 turbavit⁸

301 2072 605 2122 Summatim
638 2072 846 2133 quidem
876 2073 961 2120 hic
993 2076 1101 2120 est:
1133 2073 1418 2121 Mercurius
1450 2073 1655 2120 nomine
1687 2073 1885 2132 prolato
1917 2086 1948 2119 a
1980 2072 2356 2132 spectatoribus
2376 2073 2626 2132 prooemii
2647 2074 2763 2122 loco

297 2148 356 2192 ut
388 2159 484 2193 sua
529 2145 695 2204 gratia
743 2145 1001 2193 silentium
1046 2145 1247 2192 fabulae
1285 2146 1473 2193 faciant
1502 2145 1640 2204 petit.
1703 2145 1831 2192 Tum
1878 2145 2163 2204 praemissa
2194 2144 2512 2204 expositione
2560 2146 2764 2205 qualem

297 2217 524 2265 fabulam
556 2217 718 2265 visuri
751 2221 928 2265 essent
959 2218 1024 2264 ad
1055 2217 1108 2264 id
1140 2219 1277 2277 quod
1308 2217 1450 2265 venit
1479 2217 1510 2264 i.
1545 2231 1587 2263 e.
1621 2218 1686 2264 ad
1718 2217 2006 2277 argumenti
2037 2217 2381 2264 narrationem
2410 2216 2607 2264 transit.

518 2327 818 2383 Mercatoris
848 2336 902 2384 in
933 2337 1149 2396 prologo
1184 2336 1435 2385 Charinus
1467 2336 1773 2385 adulescens
1806 2335 1892 2396 qui
1925 2334 2118 2395 primas
2148 2336 2201 2385 in
2232 2335 2404 2385 fabula
2434 2339 2607 2396 partes
2657 2335 2765 2398 agit

297 2409 426 2455 duas
462 2408 614 2456 simul
646 2422 731 2455 res
777 2410 827 2455 et
859 2411 1219 2467 argumentum
1253 2411 1304 2456 et
1334 2422 1536 2456 amores
1584 2421 1708 2456 suos
1756 2422 1813 2456 98
1860 2410 2183 2456 narraturum
2213 2407 2480 2467 profitetur
2512 2409 2578 2467 (v.
2614 2409 2761 2467 1-2)‚

294 2480 449 2539 idque
481 2479 768 2528 rectissime
801 2479 1044 2539 quoniam
1074 2480 1217 2528 hisce
1251 2480 1511 2528 amoribus
1544 2482 1905 2539 argumentum
1936 2479 2139 2527 fabulae
2172 2479 2471 2528 continetur.

514 2601 656 2658 Quos
697 2613 899 2647 amores
933 2613 1051 2647 cum
1084 2600 1459 2660 spectatoribus
1491 2599 1867 2648 communicare
1897 2600 2022 2656 vult,
2074 2613 2177 2646 non
2228 2613 2346 2647 cum
2376 2603 2526 2648 nocte
2559 2603 2648 2647 aut
2677 2600 2760 2647 die

296 2677 383 2719 aut
415 2673 525 2719 sole
558 2676 646 2718 aut
676 2673 812 2728 luna,
844 2675 902 2718 ut
933 2672 1060 2718 alias
1092 2673 1145 2718 in
1177 2673 1456 2733 comoediis
1488 2676 1555 2730 (v.
1587 2673 1737 2729 3-8).
1799 2671 1866 2717 Hi
1886 2671 1986 2730 ipsi
2006 2685 2208 2727 versus,
2240 2672 2379 2730 quod
2399 2675 2760 2732 argumentum

294 2744 503 2790 omnino
535 2758 639 2789 non
672 2744 941 2802 attingunt,
975 2759 1006 2790 a
1035 2745 1297 2791 nonnullis
1328 2744 1454 2792 viris
1476 2744 1641 2791 doctis
1662 2742 1897 2802 quamvis
1920 2746 2037 2801 apte
2060 2757 2176 2790 cum
2199 2740 2553 2795 antecentibus
2577 2743 2758 2792 cohae-

292 2820 438 2862 reant
468 2815 521 2861 in
555 2815 903 2875 suspicionem
933 2816 1102 2863 vocati
1135 2820 1185 2863 et
1217 2815 1419 2876 expulsi
1450 2818 1584 2864 sunt.
1649 2814 1799 2873 Quod
1829 2813 1941 2862 fieri
1971 2828 2186 2863 necesse
2219 2829 2338 2864 8998
2373 2813 2526 2864 nobis
2555 2829 2758 2880 quoque

293 2902 356 2933 ex
403 2888 520 2945 lege
569 2901 726 2945 supra
772 2888 1036 2945 proposita
1081 2888 1356 2943 videretur,
1402 2887 1501 2934 nisi
1548 2887 1694 2946 gravi
1741 2887 1963 2946 quadam
1994 2886 2308 2934 dubitatione
2355 2887 2756 2947 prohiberemur·

293 2957 567 3016 Quaeritur
599 2957 736 3004 enim
767 2971 993 3018 quonam
1022 2958 1177 3005 modo
1208 2958 1262 3005 hi
1293 2971 1477 3006 versus
1506 2957 1561 3005 in
1606 2958 1879 3018 prologum
1908 2957 2156 3005 venerint.
2218 2958 2358 3006 Inest
2394 2961 2566 3006 autem
2596 2958 2649 3006 in
2681 2959 2758 3008 eis

290 3031 468 3078 iocosa
489 3030 706 3076 aliorum
727 3033 996 3089 poetarum
1018 3030 1285 3087 cavillatiO,
1318 3044 1449 3090 quae
1486 3045 1603 3077 cum
1634 3044 1739 3077 non
1769 3031 2014 3088 Roman0‚
2049 3031 2142 3079 sed
2175 3030 2370 3078 Graeco
2401 3033 2584 3090 poetae
2615 3032 2757 3080 cordi

292 3107 444 3158 esset,
477 3102 598 3148 huic
631 3102 729 3148 soli
759 3101 1032 3149 tribuenda
1064 3106 1155 3150 est.
1221 3103 1370 3160 Quod
1403 3102 1539 3149 enim
1570 3103 1653 3148 hic
1685 3101 1798 3150 aliis
1829 3103 1996 3162 poetis
2018 3103 2344 3162 exprobatur,
2375 3102 2429 3149 in
2447 3102 2754 3165 quibusdam

288 3174 476 3220 fabulis
524 3173 683 3220 veluti
730 3174 784 3220 in
815 3174 1014 3220 >Medea
1045 3174 1345 3222 Phoenissis
1376 3173 1748 3222 Ecclesiazusis
1778 3174 1969 3222 factum
2002 3188 2119 3223 esse
2166 3175 2317 3222 etiam
2350 3189 2488 3223 nunc
2529 3173 2754 3222 animad—

288 3245 552 3303 vertimuS,
585 3259 743 3305 quare
774 3245 830 3294 hi
865 3259 1053 3294 versus
1081 3260 1113 3292 a
1143 3247 1283 3293 nullo
1332 3246 1430 3296 alio
1476 3246 1574 3294 nisi
1609 3260 1639 3293 a
1668 3246 1968 3294 Philemone
2020 3246 2326 3306 exemplaris
2373 3245 2556 3295 Graeci
2603 3249 2756 3306 poeta

288 3317 501 3377 profecti
534 3332 651 3365 esse
683 3321 917 3378 possunt.
980 3319 1108 3366 Item
1140 3319 1382 3378 sequitur
1402 3320 1459 3366 ut
1488 3319 1601 3378 ipse
1633 3319 1847 3367 Plautus
1878 3320 1976 3367 hos
2009 3333 2213 3379 quoque
2244 3333 2431 3368 versus
2451 3332 2668 3368 securus
2689 3317 2754 3364 de

287 3403 344 3436 re
377 3404 408 3435 a
439 3388 818 3448 spectatoribus
848 3390 1096 3438 Romanis
1128 3390 1294 3437 aliena
1326 3404 1389 3437 ex
1419 3391 1505 3438 illo
1536 3391 1591 3438 in
1624 3405 1776 3439 suum
1807 3391 2079 3450 prologum
2110 3390 2438 3439 transtulerit.
2564 3384 2566 3387 ’
