3037 3800
295 361 297 363 .
501 321 733 375 Ceteros
745 322 1015 383 prologos
1033 321 1081 372 si
1128 321 1643 384 circumspexerimns
1688 324 1943 384 quoniam
1974 323 2031 373 in
2057 322 2434 384 ammone
2471 323 2738 374 Aulularia

284 393 828 455 Οίεϋιιὶὶιιίιιῢπρᾱνίε
857 393 2735 458 nequetabuhenoquepoetaeulhfitmentimmidiquisautfflauu'

185 465 2735 530 -autpontuomautexemphnomapm-oeewonemmodoeommemranmr

282 539 618 600 promarum
644 537 997 592 Plautinorum
1025 538 1196 600 vulgo·
1208 551 1322 600 non
1349 538 1512 588 fuisse
1558 551 1749 588 nomen
1793 538 1996 587 fabulae
2040 540 2125 587 vel
2168 542 2352 600 poetae
2381 538 2736 600 spectantibus

282 615 570 672 propoeer'o
597 608 935 668 Dnatzkonf)
965 608 1203 659 assentiri
1230 622 1339 660 non
1368 609 1732 659 dubitabimus.
1793 609 1921 658 Item
1951 615 2160 670 apparet
2190 611 2343 659 etiam
2372 611 2561 660 fabulis
2582 611 2734 659 Plau-

283 680 414 730 tinia
435 679 900 742 pronuntiationem
927 680 1062 730 tituli
1090 680 1449 732 mteoeesisse.

499 752 725 803 Transeo
753 765 891 800 nunc
921 752 988 800 ad
1019 752 1252 812 singulos
1285 753 1542 834 prologos.
1601 754 1680 800 Ac
1711 753 1934 812 primum
1980 752 2186 812 quidem
2232 755 2296 801 de
2342 754 2419 802 eis
2456 767 2611 815 agam
2646 753 2736 813 qui

283 838 316 872 a
336 836 575 884 persona
589 822 814 879 fabulae,
859 822 1046 872 deinde
1076 824 1141 872 de
1187 823 1264 872 eis
1310 823 1400 885 qui
1445 837 1476 871 a
1506 825 1603 873 deo
1633 823 1936 880 machinato,
1983 827 2094 872 tum
2123 825 2186 872 de
2233 825 2308 873 eis
2339 825 2427 885 qui
2457 839 2489 872 a
2518 825 2735 884 prologo

282 898 522 956 separato
551 893 956 956 pronuntiantur,
987 894 1207 956 denique
1237 895 1305 944 de
1335 894 1411 943 (ἔω
1442 894 1642 952 tabulis,
1674 895 1740 943 ad
1770 908 1902 955 quos
1934 895 2135 955 prologi
2165 909 2268 942 non
2299 899 2514 944 exstant.

497 965 886 1027 Anaphitruonis
915 967 1199 1027 prologum
1218 967 1587 1016 diasceuastae
1598 978 1810 1017 manum
1839 967 2145 1049 gravissime
2166 972 2434 1027 expertum
2453 982 2572 1017 esse
2601 969 2736 1016 inter

277 1047 465 1088 omnes
505 1040 718 1087 constat
779 1037 954 1099 Itaque
1001 1037 1353 1087 diversissime
1397 1038 1496 1086 viri
1540 1038 1676 1087 docti
1711 1039 1955 1087 auxilium
1994 1038 2044 1086 ei
2073 1038 2204 1086 ferre
2236 1039 2402 1087 conati
2433 1043 2566 1088 sunt.
2629 1041 2734 1088 Sed

282 1109 526 1171 quoniam
555 1108 640 1162 hic
669 1108 782 1157 fieri
827 1122 929 1158 non
976 1112 1148 1170 potest
1176 1113 1235 1159 ut
1264 1110 1496 1171 singulas
1527 1111 1848 1171 singulorum
1894 1110 2194 1170 opioniones
2226 1124 2518 1171 persequar,
2564 1125 2734 1159 meam

283 1184 478 1230 tutatus
507 1181 635 1229 alias
666 1180 712 1228 si
741 1181 962 1229 refutare
993 1182 1191 1241 possim
1221 1182 1496 1241 temptabo.

499 1251 703 1300 Initium
735 1251 879 1312 capio
925 1266 956 1300 a
985 1252 1186 1314 prologi
1216 1253 1377 1301 altera
1404 1256 1547 1314 parte
1577 1267 1710 1313 quae
1756 1267 1802 1301 a.
1849 1268 1897 1301 v.
1930 1258 1988 1299 97
2036 1266 2202 1313 usque
2233 1253 2298 1301 ad
2329 1253 2484 1301 finem
2530 1254 2595 1314 (v.
2630 1258 2733 1312 152)

282 1323 515 1384 pertinet.
576 1324 686 1372 Hos
718 1338 903 1373 versus
934 1324 1122 1385 quibus
1153 1324 1437 1375 Mercurius
1470 1324 1648 1374 Sosiae
1687 1325 1823 1374 servi
1854 1325 2025 1374 ferens
2070 1324 2346 1386 imaginem
2377 1329 2734 1386 argumentum

282 1396 484 1446 fabulae
516 1399 718 1445 enarrat
749 1397 814 1445 ad
845 1396 1242 1458 intellegendam
1273 1397 1496 1446 fabulam
1526 1396 1847 1458 maximeque
1878 1397 2096 1457 primam
2143 1396 2256 1445 eius
2300 1410 2506 1446 scenam
2556 1411 2734 1446 neces-

284 1468 450 1518 sarios
486 1481 604 1518 esse
641 1467 786 1516 facile
806 1468 1124 1529 perspicitur.
1186 1470 1318 1518 Nam
1349 1469 1437 1530 qui
1468 1482 1610 1516 error
1639 1468 1841 1517 fabulae
1872 1469 2050 1516 turbas
2097 1472 2236 1515 creat
2282 1481 2348 1516 ne
2378 1469 2515 1516 idem
2536 1473 2732 1529 specta-

283 1544 423 1589 tores
453 1543 662 1598 teneret,
704 1540 805 1588 nisi
836 1554 866 1588 a
896 1540 1148 1589 Mercurio
1180 1545 1387 1590 cautum
1415 1545 1567 1598 esset,
1614 1555 1782 1601 neque
1829 1541 1952 1601 quid
2000 1541 2099 1588 sibi
2130 1541 2290 1588 velint
2320 1541 2422 1588 duo
2453 1541 2523 1588 illi
2556 1541 2734 1589 Sosiae

283 1626 502 1672 quorum
523 1615 738 1672 uterque
762 1613 945 1660 eodem
967 1618 1148 1661 ornatu
1171 1627 1228 1662 se
1250 1627 1430 1661 verum
1453 1627 1570 1661 esse
1593 1612 1798 1661 Sosiam
1826 1613 2087 1661 contendit
2106 1613 2535 1672 intellegeremuS,
2568 1627 2733 1672 neque

284 1683 520 1744 quisnam
564 1683 649 1731 ille
695 1683 904 1731 alterius
954 1683 1132 1732 Sosiae
1177 1687 1322 1744 pater
1369 1684 1436 1732 sit
1465 1684 1553 1744 qui
1582 1697 1763 1732 amans
1810 1697 1927 1730 cum
1958 1684 2241 1730 Alcumena
2287 1683 2440 1730 cubet
2485 1684 2733 1743 cuiusque

283 1756 450 1816 gratia
477 1768 581 1803 nox
610 1754 812 1815 longior
859 1755 926 1802 sit
972 1755 1117 1803 facta.
1179 1756 1353 1816 Itaque
1391 1756 1642 1816 integram
1690 1756 1822 1802 hanc
1870 1758 2067 1814 partem
2115 1769 2236 1801 vere
2285 1755 2569 1802 Plautinam
2617 1769 2733 1803 esse

285 1840 629 1884 censeremus,
677 1827 776 1874 nisi
808 1840 996 1887 graves
1028 1827 1373 1875 dubitationes
1417 1828 1574 1874 rebus
1621 1826 1930 1886 quibusdam
1962 1827 2276 1873 afferrentur.
2339 1827 2567 1873 Primum
2598 1827 2734 1874 enim

283 1899 338 1944 in
368 1911 430 1945 eo
461 1897 773 1947 offendimus
804 1899 942 1958 quod
974 1899 1185 1945 eaedem
1215 1912 1300 1946 res
1332 1898 1882 1958 saepius·repetuntur,
1916 1901 2025 1944 tum
2053 1899 2191 1956 quod
2222 1898 2505 1945 Mercurius
2537 1912 2640 1944 non
2672 1912 2733 1944 ea

283 1972 438 2018 modo
469 1985 600 2031 quae
649 1970 780 2018 facta
807 1975 961 2027 -sunt,
1010 1972 1103 2018 sed
1151 1971 1304 2018 etiam
1350 1971 1519 2018 futura
1563 1985 1682 2018 cum
1715 1969 2088 2030 spectatoribus
2121 1969 2474 2018 communicat.
2538 1969 2651 2028 Qua
2680 1970 2733 2017 in

283 2042 597 2090 dubitatione
628 2042 795 2090 facere
842 2056 944 2089 non
985 2056 1265 2102 possumus
1296 2043 1418 2103 quin
1447 2046 1605 2091 totam
1651 2042 1805 2090 huius
1852 2042 2052 2090 fabulae
2084 2042 2308 2090 indolem
2339 2036 2488 2102 atque
2530 2056 2732 2102 compo·

285 2112 521 2161 sitionem
555 2113 847 2161 summatim
877 2113 1082 2178 quidem
1104 2114 1517 2174 contemplemur.
1578 2114 1711 2161 Nam
1732 2117 1791 2160 ut
1811 2113 2017 2160 omnino
2035 2114 2098 2160 de
2121 2114 2301 2160 Plauto
2324 2127 2388 2161 ex
2409 2127 2512 2161 uno
2534 2114 2731 2169 Plaut0,

282 2198 386 2232 non
418 2198 484 2232 ex
513 2184 668 2232 huius
699 2185 889 2232 aetatis
910 2185 1098 2232 iudicio
1129 2190 1280 2245 atque
1314 2186 1578 2245 elegantia,
1611 2185 1686 2232 sic
1719 2185 1783 2232 de
1815 2186 1912 2231 hac
1934 2198 2036 2231 una
2057 2185 2224 2232 Plauti
2245 2185 2641 2244 tragicomoedia
2670 2199 2732 2231 ex

283 2257 381 2303 hac
411 2256 538 2316 ipsa,
571 2256 812 2315 quoniam
833 2256 961 2303 aliae
982 2271 1086 2303 non
1108 2259 1322 2312 exstant,
1354 2256 1597 2304 indicium
1619 2270 1737 2304 esse
1760 2257 2026 2304 ferendum
2055 2256 2142 2303 vix
2165 2257 2433 2315 quisquam
2455 2257 2730 2315 negaverit.

283 2327 390 2374 Iam
420 2327 656 2375 videmus
688 2327 733 2374 si
764 2341 849 2375 res
879 2327 1007 2375 istas
1037 2327 1316 2376 identidem
1341 2331 1393 2375 et
1423 2328 1476 2375 in
1505 2328 1720 2388 prologo
1754 2331 1804 2375 et
1825 2327 2020 2375 eisdem
2041 2328 2145 2374 fere
2176 2327 2348 2374 verbis
2370 2327 2423 2374 in
2445 2327 2731 2386 insequenti

283 2397 482 2446 actione
503 2398 747 2457 repetitas
779 2424 838 2433 —-
869 2412 970 2458 qua
991 2399 1198 2458 quidem
1219 2412 1276 2446 re
1296 2399 1394 2447 viri
1413 2399 1619 2458 quidam
1641 2399 1777 2447 docti
1800 2399 2006 2446 adducti
2028 2403 2149 2446 sunt
2169 2402 2226 2446 ut
2247 2399 2447 2457 prologi
2469 2403 2732 2446 auctorem

284 2484 350 2518 ex
383 2469 554 2518 scenis
586 2469 920 2530 sequentibus
952 2471 1197 2519 nonnulla
1229 2471 1471 2519 audacter
1501 2469 1820 2531 subripuisse
1853 2474 1904 2517 et
1933 2470 2147 2530 prologo
2179 2469 2464 2518 inculcasse
2496 2473 2733 2529 putarent

287 2568 341 2576 -
376 2542 591 2602 prologo
621 2541 811 2601 probro
834 2555 951 2590 esse
972 2543 1226 2600 volumuS,
1258 2543 1357 2589 hoc
1387 2543 1538 2590 latius
1567 2547 1741 2602 patere
1774 2545 1823 2588 et
1853 2542 1905 2588 in
1927 2545 2085 2588 totam
2104 2541 2327 2588 fabulam
2350 2555 2467 2588 esse
2490 2542 2730 2588 adhiben-

284 2615 417 2662 dam.
493 2614 673 2674 Neque
722 2613 856 2661 enim
897 2615 1171 2674 monologo
1223 2628 1377 2674 quem
1417 2614 1697 2662 Mercurius
1741 2629 1787 2661 v.
1831 2618 2069 2660 463-498
2111 2617 2228 2672 post
2281 2613 2480 2661 Sosiam
2523 2627 2729 2660 servum

287 2685 571 2734 miserrime
602 2686 811 2733 illusum
843 2689 892 2733 et
923 2685 1247 2734 verberatum
1277 2686 1432 2734 habet
1477 2687 1614 2734 aliud
1660 2690 1810 2747 atque
1841 2685 2040 2746 prologi
2072 2685 2228 2733 altera
2257 2689 2400 2745 parte
2431 2685 2566 2746 agit:
2613 2699 2732 2733 nam

283 2758 383 2805 hoc
413 2758 688 2817 monologo
722 2757 868 2818 quasi
900 2758 1059 2805 altero
1090 2759 1305 2819 prologo
1326 2759 1607 2806 Mercurius
1640 2772 1743 2806 non
1775 2758 1926 2805 modo
1960 2771 2090 2817 quae
2113 2757 2353 2804 continuo
2375 2761 2606 2817 agentur,
2638 2759 2733 2804 sed

284 2828 437 2877 etiam
469 2841 674 2877 omnem
704 2829 905 2877 fabulae
926 2843 1090 2890 usque
1113 2830 1179 2878 ad
1199 2830 1356 2877 finem
1377 2831 1651 2880 decursum
1671 2830 1880 2878 uberius
1904 2829 2134 2888 explicat,
2168 2842 2319 2888 quam
2343 2829 2733 2889 explicationem

283 2900 536 2962 integram
568 2901 633 2949 ad
662 2901 1058 2962 intellegendam
1089 2901 1444 2963 insequentem
1475 2903 1725 2960 actionem
1775 2915 1879 2949 non
1912 2902 2064 2949 modo
2096 2914 2200 2948 non
2231 2900 2590 2957 necessariam,
2639 2902 2731 2949 sed

284 2972 438 3019 etiam
467 2986 683 3032 prorsus
730 2987 1165 3032 supervacaneam
1202 2988 1333 3030 esse,
1381 2989 1482 3034 qua
1527 2974 1728 3020 sublata
1741 2987 1758 3002 ·
1773 2974 1897 3020 nihil
1942 2972 2221 3020 desiderari
2266 2986 2417 3018 nemo
2462 2986 2567 3019 non
2613 2987 2732 3020 con-

285 3044 512 3092 cesserit.
573 3045 785 3093 Accedit
817 3046 955 3105 quod
976 3046 1215 3106 Juppiter
1244 3047 1518 3106 monologo
1539 3061 1585 3092 v.
1609 3050 1844 3092 861-881
1869 3048 2127 3104 tamquam
2149 3043 2298 3091 tertio
2319 3044 2535 3104 prologo
2557 3043 2731 3092 habito

285 3116 466 3165 eadem
497 3131 628 3177 quae
660 3118 943 3166 Mercurius
973 3118 1250 3178 monologo
1281 3119 1435 3167 modo
1467 3120 1858 3165 commemorato
1903 3116 2098 3164 eisdem
2147 3129 2212 3162 ex
2241 3119 2385 3175 parte
2417 3116 2521 3163 fere
2559 3116 2733 3165 verbis

284 3186 362 3246 (cf.
388 3202 446 3237 v.
477 3193 720 3235 486—490
751 3192 802 3236 et
831 3203 879 3236 V.
911 3195 1151 3236 493—495
1183 3203 1303 3236 cum
1332 3205 1380 3236 v.
1403 3194 1638 3235 869-872
1671 3192 1722 3236 et
1751 3203 1798 3234 v.
1822 3189 2078 3246 876—879)
2112 3187 2310 3246 repetit.
2372 3187 2569 3235 Deinde
2601 3203 2733 3248 quae

287 3257 437 3307 Sosia
467 3274 651 3309 servus
683 3264 735 3309 et
766 3262 830 3309 de
863 3261 1093 3309 Pterelae
1123 3261 1263 3321 regis
1311 3265 1472 3308 morte
1523 3262 1589 3320 (v.
1623 3263 1728 3318 252)
1776 3263 1826 3306 et
1872 3260 1935 3306 de
1966 3263 2142 3318 patera
2189 3273 2345 3306 aurea
2375 3259 2735 3319 Amphitruoni

507 3360 536 3409 ι)
565 3355 739 3407 Quaest.
770 3357 842 3399 sel.
873 3369 912 3411 p.
947 3361 1006 3399 18.
