3037 3800
1406 205 1616 244 —4-

274 339 508 395 fuissent,
540 353 644 387 non
668 340 823 386 modo
847 341 1114 400 deceptam
1136 343 1568 401 exspectationem
1591 357 1740 390 suam
1761 344 2028 400 vidissent,
2061 345 2155 392 sed
2175 357 2332 403 saepe
2353 359 2419 392 ne
2441 340 2738 407 intellegere

273 413 482 473 quidem
513 411 637 472 quid
670 411 768 458 sibi
801 411 991 460 vellent
1019 417 1221 461 actores
1252 414 1581 473 potuissent.“
1649 414 1763 472 Quo
1794 414 2002 474 quidem
2046 415 2235 462 factum
2267 418 2361 472 est,
2409 420 2468 463 ut
2497 419 2550 464 et
2577 417 2734 478 longa

274 498 438 544 eaque
470 484 613 532 arida
645 484 932 543 argumenti
964 485 1268 543 narratione,
1301 488 1353 533 in
1381 499 1481 546 qua
1501 485 1788 546 Euripides,
1820 489 1879 535 ut
1897 486 2268 546 Aristophanes
2292 486 2573 546 cavillatur,
2603 487 2735 548 λᾳύ-

271 556 370 601 διον
402 556 643 606 ἀπώλεσεν,
673 558 724 601 et
755 568 932 617 earum
963 569 1302 616 personarum
1333 558 1416 604 vel
1447 558 1661 605 deorum
1692 559 1780 619 qui
1810 561 1991 619 postea
2024 558 2077 605 in
2109 572 2319 606 scenam
2348 572 2455 607 non
2484 559 2588 607 iam
2617 574 2734 620 pro-

274 629 453 687 dibant
484 642 584 674 usu
615 627 817 687 prologi
849 627 1111 688 Euripidei
1142 629 1282 677 hand
1312 631 1466 689 paulo
1498 644 1529 676 a
1561 630 1745 678 ceteris
1776 630 1978 687 fabulae
2010 630 2181 679 scenis
2211 629 2473 679 differrent
2505 634 2556 679 et
2587 645 2732 693 sepa-

279 705 418 748 ratas
451 700 516 746 ab
549 700 624 747 eis
656 703 830 759 partes
861 700 1160 748 viderentur
1191 701 1407 749 efficere.

489 773 554 819 Et
599 772 838 832 quoniam
879 772 1177 833 Euripidem
1230 774 1439 822 comicis
1485 777 1593 822 tum
1641 774 1886 834 temporIs
1932 775 2099 835 poetis
2146 778 2204 823 ut
2250 788 2452 824 summo
2500 775 2618 825 odio
2661 777 2732 826 ita

272 859 504 893 summae
538 844 859 893 admirationi
892 845 1053 894 fuisse
1086 850 1299 904 constat,
1348 847 1500 894 etiam
1531 848 1629 895 hoc
1660 860 1854 895 novum
1885 847 2215 908 prologorum
2248 861 2415 908 genus
2456 861 2546 897 eos
2593 849 2733 898 adhi-

270 918 449 965 buisse
482 920 887 965 consentaneum
919 921 1011 966 est.
1077 918 1211 976 Quin
1244 919 1395 966 etiam
1427 919 1558 965 ultra
1589 919 1852 980 progressi
1885 923 2017 967 sunt.
2086 919 2215 967 Cum
2248 920 2384 968 enim
2422 921 2560 980 apud
2589 921 2733 970 Euri·

269 990 441 1050 pidem
474 990 554 1036 dei
587 989 659 1036 illi
691 989 967 1036 machinati
998 990 1234 1050 quamvis
1266 991 1406 1037 tenui
1439 992 1529 1038 sed
1565 991 1734 1051 aliquo
1767 994 1936 1038 tamen
1969 991 2175 1039 vinculo
2208 1005 2326 1039 cum
2356 991 2528 1039 fabula
2559 997 2735 1041 essent

271 1062 540 1117 coniuncti,
562 1075 728 1108 novae
751 1061 1076 1120 potissimum
1099 1062 1395 1108 comoediae
1416 1066 1596 1122 poetae
1619 1066 1670 1109 et
1690 1063 1816 1110 alias
1836 1077 2086 1122 personas
2106 1063 2269 1121 fictas,
2284 1067 2343 1111 ut
2365 1064 2735 1124 '‘ssav-emm

269 1137 430 1191 Φόβον,
475 1148 604 1192 quas
636 1134 740 1180 ullo
771 1135 927 1180 modo
960 1147 1077 1180 cum
1108 1133 1281 1197 fabula
1313 1135 1607 1182 cohaesisse
1629 1134 1716 1181 vix
1747 1138 1918 1194 potest
1954 1135 2130 1195 accipi,
2161 1134 2213 1182 in
2247 1149 2454 1184 scenam
2483 1137 2732 1195 produce-

266 1206 404 1261 bant,
439 1209 488 1252 et
518 1206 620 1252 iam
641 1205 870 1265 prologis
900 1205 1000 1252 illis
1030 1220 1060 1251 a
1086 1206 1283 1265 reliqua
1313 1205 1483 1253 fabula
1513 1207 1664 1265 plane
1687 1206 1970 1264 disiunctiS,
2002 1221 2134 1267 quos
2161 1221 2279 1255 cum
2299 1207 2561 1255 nonnullis
2581 1207 2731 1255 Plau-

267 1278 387 1325 tinis
419 1282 527 1325 tum
562 1277 801 1325 omnibus
829 1277 1016 1326 fabulis
1045 1277 1399 1337 Terentianis¹)
1431 1277 1744 1337 praemissos
1777 1278 2028 1336 videmus,
2059 1279 2141 1328 usi
2168 1278 2408 1328 videntur
2430 1292 2578 1329 esse:
2611 1285 2733 1328 sunt

267 1350 402 1396 enim
425 1349 495 1396 illi
512 1349 727 1408 prologi,
760 1363 892 1408 quos
913 1350 1158 1409 prologos
1180 1353 1445 1408 separatos
1466 1350 1721 1409 appellare
1747 1350 1910 1407 liceat,
1943 1354 1994 1399 et
2013 1351 2113 1410 ipsi
2134 1364 2386 1410 personae
2407 1351 2556 1400 fictae
2579 1354 2731 1412 atque

266 1435 360 1479 per
391 1422 608 1468 eandem
641 1435 742 1480 qua
762 1421 954 1478 Ἔλεγχος
982 1422 1066 1468 vel
1099 1421 1238 1478 Φόβος
1267 1422 1693 1481 prosopopoeiam
1727 1422 1906 1470 allatae
1938 1422 1990 1470 in
2023 1435 2246 1470 scenam.

490 1492 639 1550 Quod
672 1492 878 1552 quidem
910 1493 981 1539 ita
1003 1506 1060 1541 se
1091 1493 1281 1540 habere
1304 1493 1547 1540 Dziatzko
1579 1494 1629 1540 in
1664 1493 2007 1553 disputatione
2037 1497 2206 1553 negat,
2238 1506 2390 1553 quam
2417 1493 2616 1551 „Ueber
2648 1494 2729 1542 die

266 1565 650 1611 Plautinischen
682 1565 918 1624 Prologe.
981 1565 1300 1624 Allgemeine
1335 1564 1793 1624 Gesichtspunkte“
1828 1565 2089 1624 inscripsit
2118 1565 2199 1613 his
2230 1564 2469 1613 Euanthii
2502 1565 2729 1614 confisus

266 1636 507 1695 verbis²):
561 1637 717 1693 „Tum
750 1636 900 1683 etiam
950 1635 1131 1684 Graeci
1178 1638 1422 1697 prologos
1467 1651 1571 1684 non
1618 1637 1809 1684 habent
1856 1638 1998 1684 more
2046 1640 2341 1686 nostrorum
2386 1650 2517 1697 quos
2564 1637 2729 1686 Latini

263 1710 467 1757 habent.
531 1709 730 1756 Deinde
756 1710 886 1761 θεοὺς
907 1707 1002 1754 α’πὸ
1020 1712 1213 1770 μηχανῆς
1241 1709 1293 1756 id
1327 1713 1407 1756 est
1438 1710 1564 1757 deos
1596 1709 1913 1769 argumentis
1943 1709 2213 1758 narrandis
2235 1709 2551 1758 machinatos
2573 1710 2750 1767 ceteri

263 1783 426 1829 Latini
476 1783 637 1829 instar
686 1782 998 1830 Graecorum
1051 1782 1271 1829 habent:
1336 1783 1601 1829 Terentius
1653 1796 1757 1829 non
1808 1783 2004 1830 habet.“
2071 1781 2184 1840 Quo
2237 1796 2301 1829 ex
2346 1782 2461 1830 loco
2514 1782 2727 1830 nimium

263 1855 507 1901 Dziatzko
541 1854 745 1913 collegit
793 1868 910 1901 eum
943 1868 1061 1901 eum
1108 1854 1178 1901 ita
1224 1855 1672 1913 interpret-aretur:
1729 1854 1936 1911 „Gotter
1981 1855 2042 1914 (z.
2078 1855 2164 1902 Th.
2198 1853 2599 1913 personificierte
2631 1855 2726 1902 Be·

260 1926 428 1985 griffe)
463 1941 555 1973 zur
586 1925 883 1984 Erzahlung
917 1926 1009 1972 des
1038 1926 1353 1985 Arguments
1386 1926 1554 1973 haben
1587 1926 1668 1973 die
1700 1925 2034 1974 lateinischen
2068 1925 2223 1974 sowie
2256 1925 2338 1974 die
2368 1925 2724 1986 griechischen

262 1998 536 2055 Komiker3
587 1996 866 2044 ausserdem
899 1995 1024 2044 aber
1053 1997 1226 2045 lassen
1262 1997 1342 2045 die
1376 1996 1626 2045 Griechen
1661 2011 1759 2044 nur
1789 1997 2053 2045 Personen
2103 1997 2196 2045 des
2229 1995 2430 2054 sutelas,
2478 1997 2725 2046 allenlalls

262 2070 362 2117 den
409 2069 621 2116 Dichter
679 2068 854 2125 selbst‚
907 2068 1034 2115 kurz
1086 2068 1414 2117 individuelle
1445 2069 1916 2116 Personlichkeiten
1968 2069 2044 2116 als
2091 2068 2284 2129 Prolog
2329 2068 2594 2126 auftreten‚
2643 2069 2724 2116 die

260 2141 553 2188 romischen
575 2141 787 2188 Dichter
814 2140 1002 2199 ,iedoch
1034 2141 1211 2200 haufig
1233 2142 1362 2187 auch
1397 2142 1544 2187 einen
1579 2144 1907 2200 stereotypen
1929 2141 2198 2200 PrologUS‚
2231 2140 2360 2186 iiber
2392 2141 2580 2187 dessen
2611 2154 2723 2200 per-

262 2213 492 2260 sonliche
525 2213 827 2272 Beziehung
858 2226 975 2259 zum
1009 2212 1167 2260 Stiick
1198 2213 1346 2260 keine
1378 2213 1582 2260 weitere
1616 2212 1993 2260 Rechenschaft
2023 2211 2259 2272 gegeben
2299 2211 2468 2259 wird.“
2534 2210 2724 2259 Contra

258 2285 544 2332 rectissime
599 2286 662 2332 de
711 2285 810 2331 hoc
857 2285 971 2331 loc-o
1003 2285 1215 2332 Pahlius
1261 2285 1384 2332 mihi
1416 2285 1619 2332 videtur
1648 2284 1921 2341 iudicasse,
1971 2284 2057 2344 qui
2089 2297 2120 2330 a
2165 2283 2331 2342 poetis
2371 2282 2582 2331 Graecis
2631 2297 2722 2331 eos

259 2357 413 2405 modo
445 2357 691 2416 prologos
725 2356 812 2416 qui
846 2356 1161 2405 Terentianis
1191 2357 1384 2404 similes
1417 2357 1518 2404 sint
1548 2356 1578 2403 i.
1613 2370 1653 2403 e.
1689 2356 1975 2416 argumenti
2007 2355 2348 2403 narrationem
2381 2355 2587 2402 omnino
2618 2368 2723 2402 non

258 2429 510 2488 attingant
571 2428 951 2476 abiudicavisse
1003 2429 1314 2477 Euanthium
1368 2431 1556 2476 censet.
1650 2428 1718 2476 Ut
1769 2427 1904 2474 enim
1956 2426 2254 2474 Dziatzkoni
2308 2427 2652 2474 concedamus
2691 2440 2722 2473 a

256 2501 425 2560 poetis
488 2500 698 2547 Graecis
760 2501 1008 2560 prologos
1059 2515 1426 2560 nonnunquam
1477 2501 1833 2559 pronuntiatos
1887 2513 2035 2547 esse:
2098 2513 2199 2558 quo
2252 2500 2458 2546 tandem
2510 2511 2724 2545 munere

259 2576 346 2619 aut
378 2586 481 2631 quo
515 2575 695 2618 ornatu
727 2572 779 2618 in
813 2586 1023 2619 scenam
1049 2587 1140 2620 eos
1171 2573 1407 2632 prodisse
1441 2572 1774 2623 arbitratur?
1813 2571 1995 2617 Nonne
2045 2573 2096 2617 et
2141 2570 2238 2629 ipsi
2271 2569 2323 2617 in
2371 2573 2723 2629 separatorum

254 2645 589 2704 prologorum
634 2657 848 2690 numero
898 2647 1019 2691 sunt
1048 2644 1285 2700 habendi,
1333 2644 1520 2703 quippe
1568 2643 1654 2703 qui
1703 2657 1820 2690 cum
1851 2645 2155 2702 argumento
2187 2641 2387 2689 fabulae
2437 2644 2575 2689 certe
2621 2655 2726 2688 non

255 2716 422 2774 magis
457 2717 767 2761 cohaereant
800 2730 952 2774 quam
984 2717 1185 2775 prologi
1219 2716 1504 2762 Terentiani
1527 2719 1547 2760 Ρ
1609 2715 1823 2760 Accedit
1852 2714 1990 2772 quod
2020 2713 2363 2772 fragmentum
2411 2727 2474 2759 ex
2505 2713 2721 2772 prologo

256 2788 464 2834 Thaidis
496 2787 765 2834 Menandri
797 2802 827 2833 a
859 2787 1135 2834 Plutarcho
1167 2786 1317 2835 nobis
1348 2787 1619 2846 proditum,
1653 2787 1716 2834 de
1748 2799 1850 2845 quo
1872 2783 2197 2844 potissimum
2229 2784 2307 2832 vir
2337 2783 2421 2832 ille
2451 2784 2634 2833 doctus
2665 2809 2724 2819 -—

256 2861 319 2907 de
363 2859 564 2907 mediae
617 2859 753 2906 enim
799 2858 1093 2907 comoediae
1140 2858 1438 2919 fragmentis
1484 2858 1625 2906 velut
1677 2858 1741 2905 de
1788 2856 1942 2905 Poesi
1990 2855 2333 2917 Antiphanis⁸)
2378 2869 2481 2904 non
2529 2858 2744 2904 certum.

253 2931 498 2978 indicium
533 2935 612 2978 est
644 2956 701 2965 —
738 2944 885 2978 suam
919 2931 983 2977 de
1014 2933 1167 2990 poeta
1198 2931 1397 2990 prologi
1428 2934 1601 2990 partes
1633 2932 1817 2989 agente
1851 2928 2194 2976 coniecturam
2227 2927 2405 2975 traxit:

838 3003 953 3061 Ἐμοὶ
980 3004 1065 3060 μὲν
1086 3000 1164 3047 οὖν
1194 3001 1560 3062 ἄειδεξτοιαύτην,
1587 3002 1691 3053 θεοὶ,

763 3073 765 3075 ’
835 3077 1075 3135 Quaerant,
1118 3073 1289 3133 ὡραίαν
1319 3074 1370 3120 δὲ
1394 3077 1466 3118 καὶ
1496 3074 1702 3132 πιθανὴν
1731 3071 1846 3132 ἅμα,

834 3146 1096 3198 ἀδικοῦσαν,
1127 3145 1461 3197 ἀποκλείουσαν,
1506 3146 1719 3189 αῖτοῦσαν
1745 3146 1906 3195 πυκνά,

830 3219 1015 3278 μηδενὸς
1039 3218 1228 3277 ἐρόσαν,
1260 3219 1638 3276 προσποιουμένην
1667 3213 1783 3259 δὀῗεί

476 3306 504 3356 ¹)
534 3302 655 3346 Nunc
682 3305 844 3346 tantum
873 3302 926 3346 de
953 3301 1090 3346 forma
1118 3301 1392 3358 prologorum
1421 3300 1502 3356 agi,
1538 3311 1624 3343 non
1653 3299 1706 3343 de
1734 3299 1859 3342 rebus
1889 3299 2040 3354 quibus
2069 3298 2368 3348 contineantur,
2411 3310 2465 3342 ne
2493 3297 2587 3354 quis
2615 3297 2721 3341 erret

186 3364 190 3368 ’
250 3369 362 3412 hand
393 3370 483 3412 scio
512 3382 564 3412 an
595 3368 689 3412 addi
719 3371 923 3424 oporteat.
981 3367 1093 3420 Quid
1136 3368 1245 3411 enim
1289 3367 1394 3411 inter
1435 3368 1516 3411 hos
1544 3366 1757 3410 Plautinos
1799 3368 1839 3409 et
1867 3365 2139 3410 Terentianus
2182 3366 2387 3421 prologos
2429 3364 2588 3408 intersit
2615 3362 2720 3406 infra

250 3436 478 3478 docebitur.
538 3438 569 3488 2)
599 3435 733 3484 Klotz,
763 3435 826 3477 ed.
858 3433 1022 3477 Terent.
1052 3447 1092 3490 p.
1122 3433 1226 3482 XIV.
1261 3437 1309 3476 16
1339 3446 1431 3489 sqq.
1489 3436 1521 3486 ³)
1550 3432 1752 3481 Meineke‚
1790 3444 1896 3476 com.
1925 3444 1988 3486 gr.
2018 3431 2083 3481 lv,
2117 3435 2204 3475 131.
