3037 3800
435 1005 506 1077 In
536 1026 765 1088 prologis
786 1026 1070 1074 fabularum
1091 1026 1440 1074 plautinarum
1461 1027 1584 1087 quid
1605 1033 1745 1076 esset
1766 1044 1886 1076 vere
1905 1031 2196 1078 Plautinum
2216 1033 2338 1090 quid
2360 1035 2543 1090 minus,
2565 1035 2669 1080 iam

215 1101 360 1150 multi
391 1103 443 1149 et
473 1099 608 1149 docti
639 1098 736 1146 viri
756 1098 894 1147 vires
917 1097 1112 1158 experti
1145 1100 1265 1146 sunt
1295 1101 1352 1146 ut
1373 1102 1621 1147 eruerent.
1687 1099 1790 1148 Sed
1813 1104 1977 1149 totum
1999 1102 2096 1149 hoc
2117 1116 2283 1162 genus
2315 1107 2389 1152 tot
2409 1105 2667 1166 tantisque

216 1173 517 1223 obstrictum
548 1175 628 1221 est
658 1170 1055 1228 difficultatibus,
1087 1173 1145 1218 ut
1174 1170 1261 1218 vix
1291 1185 1427 1220 unus
1457 1171 1705 1232 prologus
1729 1176 1909 1230 exstet,
1943 1175 2007 1222 de
2029 1189 2131 1234 quo
2152 1175 2378 1223 virorum
2400 1178 2668 1225 doctorum

215 1245 496 1295 sententiae
546 1256 651 1292 non
701 1243 754 1290 in
807 1242 1084 1291 contrarias
1130 1246 1301 1303 partes
1354 1243 1632 1292 discedant.
1715 1245 1883 1305 Atque
1944 1246 2271 1306 perlustranti
2322 1248 2445 1296 mihi
2497 1249 2667 1297 animo

216 1322 266 1367 et
295 1316 585 1366 retractanti
627 1328 757 1375 quae
789 1316 853 1363 de
884 1316 980 1363 1130
1011 1328 1066 1362 re
1099 1315 1265 1362 adhuc
1297 1315 1486 1375 scripta
1517 1318 1652 1374 sunt,
1690 1330 1847 1364 unam
1879 1331 1996 1365 esse
2028 1319 2182 1378 paulo
2215 1320 2481 1368 certiorem
2529 1321 2667 1368 viam

216 1389 448 1450 cognovi,
509 1401 610 1448 qua
670 1401 791 1435 vere
853 1387 1084 1434 Plautina
1138 1401 1168 1434 a
1215 1387 1403 1447 spuriis
1456 1387 1700 1448 falsisque
1754 1388 2094 1438 discernenda
2155 1390 2267 1439 sint.
2353 1392 2517 1448 Quam
2570 1393 2667 1440 etsi

214 1462 402 1510 multos
454 1459 720 1520 ingressos
783 1471 899 1506 0880
962 1457 1126 1516 vide0,
1193 1461 1363 1506 tamen
1415 1471 1517 1507 non
1570 1458 1733 1507 solam
1803 1459 1966 1508 secuti
2028 1464 2162 1518 sunt,
2224 1460 2277 1510 id
2339 1463 2476 1521 quod
2542 1463 2667 1511 mihi

212 1535 309 1581 hac
342 1530 696 1580 dissertatione
728 1530 894 1577 facere
925 1529 1134 1588 reliquis
1165 1529 1446 1578 rationibus
1481 1532 1534 1577 ut
1564 1529 1775 1578 minoris
1822 1531 2067 1579 momenti
2097 1532 2280 1592 raptim
2311 1534 2463 1581 modo
2498 1535 2667 1594 perlu-

214 1605 385 1655 stratis
405 1602 724 1664 propositum
756 1604 848 1650 cst.
912 1601 1013 1649 Sed
1041 1602 1109 1649 ‚de
1131 1602 1227 1649 hac
1258 1601 1342 1648 via
1371 1601 1671 1663 priusquam
1699 1603 1987 1651 accuratius
2008 1617 2174 1664 agam,
2196 1604 2347 1653 altius
2368 1606 2521 1665 paulo
2542 1606 2667 1661 mihi

213 1681 292 1726 est
321 1676 669 1736 repetendum,
719 1677 776 1720 ut
822 1687 938 1720 cum
968 1675 1104 1720 unde
1153 1674 1358 1721 omnino
1389 1675 1724 1734 prologorum
1770 1689 1938 1734 genus
1971 1676 2037 1723 sit
2069 1680 2236 1723 ortum
2268 1681 2376 1724 tum
2408 1681 2666 1737 quomodo

212 1749 499 1796 fabularum
545 1745 893 1792 Plautinarum
943 1745 1141 1804 prologi
1200 1745 1442 1803 paulatim
1502 1746 1555 1792 in
1604 1759 1718 1793 eam
1771 1746 1987 1793 abierint
2033 1746 2247 1794 formam
2295 1762 2395 1807 qua
2441 1749 2669 1797 tulerunt

213 1823 429 1867 aetatem
461 1831 614 1877 quam
644 1820 823 1876 potero
855 1816 1158 1862 brevissime
1191 1829 1454 1875 exponam.

429 1887 767 1946 Aristoteles1)
798 1888 1082 1946 prologum,
1115 1887 1308 1934 scilicet
1350 1888 1461 1931 κατὰ
1491 1890 1538 1932 τὸ
1576 1889 1715 1932 ποσόν
1746 1890 1914 1945 modo,
1951 1893 2077 1948 μέρος
2105 1890 2207 1934 ὅλων
2240 1891 2479 1949 τραγῳδίας
2507 1893 2557 1935 τὸ
2583 1894 2668 1949 πρὸ

213 1963 338 2023 χοροῦ
366 1960 562 2018 παρόδου
583 1959 704 2007 dicit
726 1972 841 2007 esse
860 1974 871 2016 ;
904 1972 1034 2018 quae
1057 1958 1168 2006 eius
1188 1958 1269 2006 vis
1292 1971 1350 2005 ac
1371 1962 1550 2005 natura
1572 1960 1639 2007 sit
1653 1973 1758 2007 non
1780 1960 1932 2008 addit.
1983 1960 2190 2020 Spectat
2210 1964 2379 2008 autem
2405 1963 2664 2022 prologus,

215 2038 272 2080 ut
301 2035 354 2080 in
384 2036 566 2079 natura
596 2045 769 2078 rerum
799 2031 1022 2091 positum
1054 2034 1146 2088 est,
1195 2032 1260 2078 ad
1291 2031 1555 2078 audientes
1592 2031 1646 2078 in
1676 2032 1936 2092 propriam
1986 2032 2188 2079 fabulae
2237 2032 2490 2081 actionem
2520 2034 2665 2082 indu-

217 2106 422 2161 cendos,
456 2117 571 2151 cum
603 2105 687 2150 vel
719 2118 780 2150 ea
811 2116 941 2162 quae
974 2106 1089 2150 ante
1121 2106 1234 2149 acta
1265 2106 1384 2149 sunt
1422 2104 1502 2149 vel
1539 2116 1671 2163 quae
1702 2117 1839 2151 nunc
1871 2107 2094 2164 aguntur
2124 2108 2437 2152 enarrentur.
2501 2105 2665 2163 Quam

215 2176 584 2235 expositionem
605 2179 693 2222 aut
720 2175 949 2221 diverbio
972 2178 1059 2221 aut
1090 2175 1362 2233 monologo
1386 2178 1473 2221 aut
1504 2174 1701 2222 cantico
1734 2176 1888 2233 chori,
1927 2176 2069 2223 velut
2100 2176 2237 2235 apud
2267 2177 2581 2236 Aeschylum
2613 2177 2664 2224 in

214 2247 536 2295 Hiketidibus
569 2250 619 2294 et
663 2247 714 2293 in
747 2247 935 2301 PersiS‚
982 2260 1075 2305 per
1104 2260 1352 2306 personas
1385 2246 1583 2293 fabulae
1629 2260 1796 2307 neque
1844 2248 1990 2294 aliter
2019 2248 2072 2294 in
2104 2248 2381 2307 tragoediis
2429 2262 2581 2307 quam
2611 2249 2662 2295 in

215 2319 493 2368 comoediis
513 2319 749 2366 videmus
771 2318 954 2366 factam
987 2331 1118 2366 esse.
1181 2318 1374 2366 Eodem
1396 2317 1612 2377 pertinet
1631 2332 1734 2378 quo
1756 2333 1928 2367 rerum
1949 2319 2170 2367 narratio
2192 2319 2277 2366 illa
2299 2333 2663 2379 nonnunquam

209 2390 384 2450 jejuna
413 2391 579 2451 magis
610 2390 846 2438 incitetur
878 2393 928 2437 et
958 2390 1022 2438 ad
1055 2390 1298 2438 dramatis
1335 2389 1438 2436 vim
1470 2389 1652 2437 melius
1685 2391 1901 2449 quadret
1956 2404 2131 2438 earum
2169 2404 2501 2450 personarum
2533 2405 2663 2439 usus

215 2476 345 2521 quas
376 2463 590 2520 πρόσωπα
622 2463 859 2518 προτατικοὲ
892 2461 1073 2508 Graeci
1103 2465 1302 2507 vocant.

429 2533 702 2592 Euripides
734 2535 931 2592 primus
967 2534 1031 2579 ab
1052 2533 1149 2579 hae
1187 2537 1431 2579 consueta
1462 2535 1929 2592 componendorum
1949 2535 2280 2593 prologorum
2302 2535 2496 2579 ratione
2523 2535 2664 2581 haud

213 2605 535 2652 mediocriter
571 2606 797 2652 recessit.
860 2605 1089 2652 Primum
1120 2605 1256 2651 enim
1285 2605 1338 2651 in
1369 2604 1594 2671 prologis
1634 2605 1743 2651 suis
1785 2606 1850 2652 ad
1897 2619 2057 2651 unum
2101 2605 2338 2650 omnibus
2386 2607 2662 2666 monologo

213 2676 465 2734 utebatur,
488 2677 672 2725 deinde
691 2681 894 2737 praeter
913 2690 1162 2737 personas
1184 2677 1383 2724 fabulae
1405 2676 1554 2723 etiam
1575 2677 1706 2727 θεοὺς
1726 2674 1820 2720 α’πο
1840 2678 2044 2736 μηχανῆς,
2064 2677 2252 2736 quippe
2274 2676 2360 2735 qui
2379 2677 2474 2723 soli
2492 2677 2663 2724 omnia

214 2763 344 2809 quae
376 2749 667 2798 necessaria
698 2751 763 2798 ad
794 2749 1187 2811 intellegendam
1208 2749 1431 2797 fabulam
1463 2751 1634 2795 essent
1663 2752 1877 2808 possent
1909 2750 2054 2807 scire,
2085 2748 2139 2796 111
2172 2761 2379 2796 scenam
2410 2750 2662 2809 produce·

214 2822 316 2868 bat.
380 2821 550 2870 Causa
581 2837 673 2869 cur
719 2825 784 2870 ad
831 2825 929 2870 hoc
961 2836 1154 2869 novum
1183 2823 1509 2881 prologorum
1556 2834 1723 2879 genus
1755 2821 2037 2867 deferretur
2067 2834 2129 2867 ea
2162 2824 2284 2877 erat,
2335 2822 2474 2879 quod
2506 2835 2662 2882 saepe

215 2892 419 2941 diversa
450 2898 749 2955 argumenta
781 2895 1108 2942 consociabat
1137 2895 1221 2941 vel
1253 2894 1403 2941 etiam
1433 2896 1564 2940 totas
1585 2892 1828 2951 Aeschyli
1859 2892 2088 2953 trilogias
2109 2893 2162 2940 in
2184 2893 2339 2940 unius
2361 2894 2657 2954 tragoediae

213 2966 475 3013 vinculum
508 2967 878 3027 compingebat,
923 2968 1061 3027 quod
1080 2971 1218 3014 recte
1238 2966 1366 3014 vidit
1410 2965 1468 3012 G.
1499 2965 1873 3021 Hemannus²)‚
1924 2977 2042 3011 cum
2072 2965 2144 3012 ita
2175 2965 2445 3012 scriberet:
2495 2966 2663 3023 „Hinc

213 3036 300 3082 illa
330 3038 612 3084 necessitas
643 3039 974 3098 prologorum
1018 3039 1403 3085 scribendorum
1435 3036 1619 3095 quibus
1650 3035 1902 3094 antiquior
1932 3036 2199 3096 tragoedia
2247 3036 2393 3082 facile
2442 3037 2663 3094 carebat,

215 3120 332 3153 cum
369 3108 492 3168 quid
523 3109 686 3156 visuri
733 3113 909 3157 esseut
955 3112 1269 3170 spectatores
1300 3111 1474 3155 notum
1522 3107 1596 3154 eis
1629 3109 1795 3164 esset3
1846 3107 2100 3154 recentior
2131 3110 2304 3155 autem
2353 3120 2526 3156 carere
2560 3121 2665 3156 non

214 3179 390 3237 potuit,
423 3181 542 3239 quia
572 3182 836 3228 exhaustis
868 3182 1115 3228 tractandi
1148 3181 1394 3241 cuiusque
1426 3179 1710 3239 argumenti
1740 3179 1908 3225 modis
1939 3191 2076 3225 nova
2111 3180 2366 3240 quaedam
2406 3173 2457 3227 et
2476 3193 2507 3226 a
2529 3193 2665 3228 com-

213 3251 356 3296 muni
386 3251 654 3298 traditione
683 3254 972 3300 recedentia
995 3253 1423 3299 comminiscenda
1445 3253 1598 3306 erant,
1631 3263 1761 3309 quae
1783 3250 1882 3296 nisi
1904 3253 2022 3296 ante
2043 3251 2265 3298 indicata
2287 3252 2666 3310 spectatoribus

434 3398 463 3444 ¹)
493 3396 616 3438 Arist.
647 3397 695 3438 A.
725 3397 768 3439 Ρ.
795 3409 827 3439 c.
862 3401 923 3439 12.
981 3399 1012 3448 2)
1042 3396 1171 3438 Praei.
1201 3396 1356 3450 primae
1384 3395 1475 3436 edit.
1548 3394 1732 3436 Electrae
1761 3393 2035 3448 Sophocleae‚
2066 3394 2177 3451 Lips.
2212 3398 2330 3438 1819.
