3037 3800
1376 181 1587 224 -9-

250 321 791 389 ς’ω.(1111118111811811)
821 320 954 368 nach
984 321 1103 368 dem
1123 318 1502 375 Griechischen,
1516 321 1726 372 :welche
1756 322 1888 368 nach
1918 321 2087 368 einem
2115 321 2393 381 doppelten
2413 320 2559 381 Sujet
2589 321 2705 379 (wie

249 397 331 447 im
347 393 733 452 Griechischen)
777 405 844 440 zu
875 392 1015 440 einer
1044 393 1319 453 doppelten
1359 393 1601 454 gestaltet
1628 391 1698 439 ist
1741 394 1832 449 (sc.
1864 406 1896 439 a
1923 393 2107 452 poeta),
2155 391 2259 440 will
2287 392 2374 440 ich
2404 392 2559 440 heute
2588 405 2703 440 vor-

250 468 447 523 fflhren,
493 465 595 513 den
624 463 1243 512 Heautontimorumenos.
1303 464 1508 524 Duplex
1553 466 1728 521 autem
1773 467 2130 523 argumentum
2159 463 2354 512 dictum
2386 466 2468 510 est
2495 467 2705 523 propter

250 537 481 599 duplices
528 540 580 583 et
611 535 804 582 Cliniae
849 539 901 582 et
932 534 1233 594 Clitiphonis
1281 535 1469 594 quibus
1514 535 1687 582 fabula
1732 534 2018 581 continetur
2062 549 2275 582 amores.
2337 535 2448 582 Iam
2493 539 2706 594 apparet

249 622 459 657 versum
489 613 548 664 4.,
595 620 698 667 quo
729 610 880 665 poeta
910 605 1036 654 nihil
1080 605 1219 654 aliud
1248 605 1350 654 8181
1377 606 1655 666 perfectam
1685 619 1812 654 suae
1842 605 2043 654 fabulae
2087 621 2205 654 cum
2235 606 2472 667 exemplo
2503 605 2703 656 (318888

251 679 635 729 similitudinem
663 679 775 726 vult
802 690 1050 738 premere,
1096 677 1286 737 optime
1316 690 1475 726 versu
1505 683 1562 735 6.,
1611 691 1713 738 quo
1752 681 1906 738 poeta
1949 677 2086 725 idem
2133 679 2251 739 agit,
2299 678 2496 739 excipi:
2543 678 2704 727 utimr

249 756 425 800 autem
451 751 718 799 Terentius
748 763 852 810 quo
882 750 936 797 id
966 750 1198 810 argutius
1227 749 1479 809 exprimat
1509 749 1789 798 abundanti
1817 749 1905 796 illa
1951 754 2003 797 et
2033 751 2169 808 apud
2198 750 2406 798 Latinos
2437 750 2704 799 tritissima

248 824 477 872 oratione
531 837 663 883 quae
715 823 770 869 in
829 823 1110 870 eorundem
1154 821 1431 871 verborum
1479 820 1777 903 repetitione
1827 821 2157 869 contineatur.
2234 822 2455 870 Versum
2502 821 2703 870 6.18111

248 897 479 944 Faernus
508 897 649 942 recte
688 893 1049 953 interpretatus
1080 897 1161 942 est
1196 907 1294 942 nec
1338 906 1554 953 possum
1598 892 1654 941 in
1699 906 1761 940 eo
1811 906 1930 941 cum
1958 892 2268 941 Dziatzkone
2315 894 2529 954 aliisque
2575 894 2701 944 tin's

249 967 413 1016 doctis
445 966 533 1027 qui
564 979 683 1013 eum
714 964 903 1012 eiciunt
932 964 1382 1025 grammaticorum
1411 964 1692 1013 doctrinam
1721 964 1910 1020 videre,
1959 964 2053 1012 sed
2099 977 2164 1011 ex
2195 978 2256 1012 eo
2288 965 2457 1024 potius
2495 965 2701 1013 illorum

247 1038 658 1088 observationem
688 1036 886 1084 ortam
870 1051 925 1084 18
943 1037 1144 1085 111181188
1163 1036 1597 1097 grammaticos¹)
1581 1036 1852 1096 irrepsisse
1875 1035 2188 1084 crediderim.
2251 1036 2508 1086 Versuum
2527 1041 2701 1087 autem

247 1117 290 1159 5.
323 1114 375 1158 et
405 1116 447 1157 6.
480 1109 711 1158 ordinem
740 1108 856 1156 ideo
887 1108 1082 1156 mutavi
1111 1108 1232 1168 quia
1261 1122 1380 1156 8818
1409 1113 1655 1156 versuum
1684 1115 1728 1155 4.
1761 1112 1813 1155 et
1843 1113 1886 1155 6.
1919 1108 2213 1155 88818181818
2244 1124 2291 1155 v.
2326 1115 2367 1155 5.
2399 1109 2699 1169 interposito

247 1184 514 1240 turbatam,
557 1186 669 1230 tum
697 1207 757 1215 -—
787 1181 841 1229 id
870 1181 1010 1242 quod
1039 1181 1252 1229 consilio
1282 1184 1459 1228 nostro
1490 1180 1763 1229 discrimen
1793 1180 1912 1227 fecit
1956 1207 2014 1214 —
2060 1181 2157 1228 hac
2188 1181 2579 1240 transpositione
2612 1197 2698 1241 ap-

246 1256 502 1304 tissimum
548 1255 614 1302 ad
658 1268 706 1300 v.
740 1259 782 1299 7.
829 1253 1100 1301 transitum
1146 1257 1374 1301 creatum
1420 1267 1535 1300 esse
1582 1267 1784 1301 censeo.
1846 1253 1940 1300 His
1987 1253 2124 1300 enim
2169 1254 2464 1312 praemissis
2496 1259 2547 1302 et
2595 1269 2701 1302 888

245 1327 451 1375 88111188
482 1326 684 1374 fabulae
716 1327 854 1386 quod
883 1326 1022 1373 idem
1066 1329 1147 1373 est
1177 1329 1330 1386 atque
1361 1325 1580 1385 exempli
1610 1325 1792 1373 Graeci
1823 1326 2034 1385 prolate,
2083 1325 2205 1384 quin
2235 1330 2386 1385 poeta
2423 1330 2474 1373 et
2510 1341 2700 1374 novam

246 1413 363 1447 esse
395 1403 447 1446 et
477 1412 608 1459 quae
639 1403 779 1446 esset
809 1398 855 1456 (i.
890 1411 932 1445 e.
966 1398 1104 1458 quod
1133 1411 1323 1445 nomen
1353 1398 1400 1444 ei
1430 1398 1586 1456 esset)
1617 1397 1898 1445 ostenderit
1926 1398 2068 1444 811118
2090 1398 2242 1444 188118
2263 1402 2432 1456 potest
2461 1399 2696 1447 dubitari.

245 1471 490 1519 Dziatzko
522 1471 728 1530 quidem
758 1484 942 1518 versus
975 1475 1093 1517 7-9
1124 1484 1189 1517 ex
1219 1470 1434 1530 prologo
1466 1474 1642 1517 nostro
1667 1470 2008 1517 removendos
2031 1483 2148 1517 8888
2178 1474 2320 1516 18188
2352 1469 2420 1516 118
2450 1470 2697 1530 88111111’);

249 1541 407 1601 „Cum
436 1542 524 1589 illo
555 1545 783 1600 tempore
815 1541 1007 1588 domini
1035 1541 1212 1600 gregis
1242 1545 1445 1588 veteres
1475 1542 1675 1588 fabulas
1719 1555 1813 1600 pro
1860 1541 2009 1587 novis
2055 1555 2208 1600 agere
2255 1542 2483 1588 nondum
2531 1543 2698 1589 conati

246 1617 433 1669 essent,
479 1613 706 1672 profecto
755 1626 859 1659 non
890 1617 998 1659 erat
1041 1613 1180 1672 quod
1210 1616 1364 1671 poeta
1392 1613 1616 1660 fabulam
1645 1626 1834 1659 novam
1865 1626 1982 1659 esse
2017 1612 2423 1669 „„ostenderet““
2458 1613 2556 1660 nisi
2596 1613 2697 1661 sin·

245 1684 410 1744 gulari
440 1699 598 1732 causa
628 1683 1016 1731 intercedente.“
1079 1684 1148 1732 At
1176 1683 1307 1744 fugit
1336 1684 1505 1731 virum
1534 1684 1744 1732 doctum
1775 1683 2066 1732 Terentium
2111 1684 2164 1730 in
2196 1684 2436 1733 omnibus
2467 1685 2696 1745 prologis

244 1759 447 1815 praeter
476 1756 750 1816 prologum
778 1755 1015 1812 Andriae,
1069 1769 1170 1815 quo
1216 1759 1323 1803 toto
1356 1755 1834 1803 contaminationem
1865 1756 2150 1802 fabularum
2183 1755 2459 1815 quidquam
2507 1757 2615 1804 vitii
2646 1762 2698 1804 et

243 1827 417 1889 probri
447 1828 635 1876 habere
668 1831 837 1890 negat,
869 1827 1068 1876 fabulas
1097 1841 1261 1875 novas
1292 1841 1408 1876 esse
1440 1827 1629 1875 diserte
1658 1828 1984 1876 ostendisse?
2047 1828 2270 1888 Prologo
2303 1827 2439 1875 enim
2461 1828 2696 1876 Eunuchi

165 1897 168 1900 ’
243 1916 290 1946 v.
325 1901 540 1956 Ill—43³)
587 1915 748 1960 aeque
795 1915 855 1947 ac
902 1901 1105 1947 duobus
1134 1901 1368 1959 Hecyrae
1416 1929 1474 1933 —
1519 1901 1572 1947 in
1621 1902 1779 1947 altero
1810 1916 1858 1946 v.
1891 1907 2068 1946 29—42
2117 1929 2173 1933 —
2220 1900 2344 1947 nihil
2393 1901 2530 1948 aliud
2577 1902 2694 1961 agit·

244 1972 516 2018 Praeterea
546 1973 645 2019 hos
674 1985 860 2019 versus
891 1971 937 2018 si
967 1971 1376 2030 respexerimus:

460 2079 587 2138 (Ter.
620 2080 715 2126 Ad.
747 2080 872 2139 prol.
908 2081 995 2136 12).
1027 2079 1154 2126 Eam
1184 2092 1280 2126 nos
1313 2080 1473 2126 acturi
1505 2093 1685 2126 sumus
1718 2093 1918 2136 novam,

157 2185 159 2187 .
248 2153 298 2196 81
329 2150 548 2208 (Ρ118118.
581 2152 708 2209 prol.
741 2153 950 2208 25-26).
1012 2152 1242 2210 Adporto
1273 2165 1473 2199 novam.

1011 2221 1471 2282 Epidicazomenon
1501 2237 1655 2282 quam
1677 2227 1864 2271 vocant
1895 2223 2225 2279 comoediam,

241 2297 295 2344 in
325 2311 427 2357 quo
457 2300 672 2360 prologo
703 2314 1026 2360 nequaquam
1054 2300 1328 2360 singularis
1361 2315 1517 2347 causa
1545 2300 1827 2358 intercedit,
1866 2301 2019 2348 etiam
2049 2305 2225 2348 nostro
2257 2302 2370 2348 loco
2404 2301 2693 2348 Terentium

241 2373 547 2417 consuetum
561 2385 757 2425 morem
773 2376 1008 2419 secutum
1026 2386 1141 2418 esse
1160 2372 1527 2418 arbitrabimur.
1576 2371 1817 2419 Ceterum
1833 2373 1886 2419 in
1903 2373 2155 2419 sententia
2169 2377 2346 2419 nostra
2362 2373 2691 2431 prologorum

241 2439 658 2491 Terentianorum
705 2446 756 2491 81
807 2443 860 2491 id
904 2442 1064 2491 fuisse
1111 2447 1169 2490 ut
1214 2457 1402 2490 nomen
1446 2442 1648 2491 fabulae
1702 2458 1821 2492 cum
1867 2443 2219 2504 spectantibus
2260 2443 2692 2491 communicarent

240 2512 491 2562 firmanda
520 2516 620 2562 hoc
659 2515 772 2575 ipso
802 2516 916 2562 loco
946 2516 1086 2562 haud
1117 2516 1248 2562 male
1281 2515 1595 2572 adiuvamur,
1648 2515 1749 2562 nisi
1785 2529 1910 2563 vero
1942 2516 2101 2563 verba
2131 2516 2217 2562 illa
2250 2520 2328 2573 „et
2359 2529 2489 2574 quae
2522 2518 2687 2562 esset“

242 2588 330 2631 aut
360 2588 550 2633 temere
583 2601 614 2632 a
632 2590 785 2646 poeta
815 2587 1012 2634 adiecta
1042 2591 1130 2634 aut
1160 2587 1258 2634 alio
1290 2600 1449 2634 sensu
1480 2590 1628 2647 (quae
1650 2605 1706 2629 =
1733 2589 1931 2647 qualis),
1965 2589 2101 2648 quod
2132 2588 2336 2647 quidem
2368 2587 2478 2634 fieri
2510 2587 2688 2646 potuit,

240 2655 409 2713 posita
440 2671 557 2705 esse
597 2661 896 2706 statuamus,

453 2735 712 2784 Versuum
758 2742 798 2784 7.
802 2742 902 2783 —9
951 2735 1295 2796 interpretatio
1343 2736 1613 2784 coniuncta
1663 2741 1743 2785 est
1796 2752 1914 2785 cum
1960 2736 2256 2798 quaestione
2308 2736 2565 2796 quomodo
2622 2735 2689 2783 sit

236 2803 426 2851 factum
471 2810 529 2854 ut
559 2809 884 2866 pronuntiato
932 2812 1081 2855 antea
1125 2808 1271 2856 titulo
1302 2808 1458 2855 8111118
1505 2809 1675 2856 888188
1721 2809 1775 2855 18
1813 2810 2049 2856 8111811188
2096 2808 2322 2867 prologis
2371 2807 2687 2854 Terentianis

235 2875 454 2924 88181818
485 2877 701 2937 fabulae,
750 2883 927 2927 contra
955 2883 1138 2940 poetae
1168 2894 1431 2940 nunquam
1476 2879 1564 2926 fiat
1609 2880 1812 2928 mentio.
1878 2879 2008 2928 Cum
2039 2893 2161 2927 vero
2193 2883 2358 2926 totum
2389 2880 2489 2926 1188
2519 2891 2687 2938 genus

233 2945 287 2993 18
318 2947 392 2995 818
423 2949 587 2997 188881
616 2951 840 2998 tenebris
864 2951 1051 3011 quibus
1084 2952 1220 2999 clara
1237 2952 1327 2999 lux
1346 2952 1628 2999 verendum
1659 2953 1727 2999 sit
1751 2966 1816 2999 88
1837 2965 2099 3011 nunquam
2119 2951 2372 3006 afferatur,
2404 2950 2686 2998 Ritschelio

237 3020 367 3066 duce
400 3021 596 3079 opinari
626 3024 816 3083 aliquid
847 3039 1000 3083 quam
1047 3025 1112 3071 de
1143 3024 1432 3083 cognitione
1468 3037 1640 3070 rerum
1669 3024 1942 3081 desperare
1987 3022 2278 3082 praestabit.
2350 3022 2485 3070 Fieri
2529 3022 2688 3084 igitur

232 3094 444 3148 poterat,
476 3096 534 3140 ut
565 3098 682 3142 ante
713 3094 951 3143 tibiarum
981 3098 1203 3152 cantum,
1235 3109 1354 3143 8818
1384 3094 1554 3142 fabula
1574 3093 1774 3154 agenda
1795 3097 1915 3152 erat,
1949 3094 2012 3142 de
2032 3093 2227 3154 pulpito
2250 3107 2344 3154 per
2362 3107 2686 3154 praeconem,

453 3228 484 3277 ¹)
513 3226 564 3269 cf.
584 3226 759 3269 Euanth.
779 3239 819 3281 p.
840 3224 929 3275 XV.
954 3231 994 3284 11
1023 3239 1114 3282 sqq.
1135 3229 1175 3270 81
1194 3226 1346 3270 Donati
1364 3225 1490 3282 praef.
1510 3225 1563 3268 ad
1581 3224 1672 3268 Ter.
1693 3224 1857 3267 Phorm.
1879 3225 2028 3276 (Klotz,
2049 3238 2088 3280 p.
2109 3229 2202 3274 362,
2237 3229 2286 3268 10
2305 3229 2415 3281 sqq.)
2474 3228 2506 3279 ²)
2526 3229 2687 3281 quaest.

230 3287 303 3331 sel.
332 3301 372 3344 p.
400 3292 438 3334 9.
496 3293 530 3345 ³)
553 3291 670 3336 Haec
686 3304 855 3348 quoque
881 3293 1011 3336 verba
1037 3293 1079 3336 in
1098 3305 1139 3337 v.
1159 3297 1238 3337 20:
1269 3292 1518 3348 „Postquam
1531 3290 1699 3334 ’88111188
1726 3294 1935 3334 emerunt“
1966 3303 2052 3334 non
2081 3291 2330 3347 simpliciter,
2352 3292 2428 3335 sed
2447 3292 2689 3336 cirmitione
2784 3281 2787 3283 ’

230 3354 408 3408 quadam
435 3357 584 3401 codem
612 3361 812 3414 spectant,
854 3359 968 3417 quod
981 3362 1158 3408 ,11818188
1184 3359 1352 3403 fabulas
1394 3357 1475 3401 emi
1503 3369 1589 3400 non
1618 3357 1846 3412 oportebat.

2541 3464 2565 3500 2
