3037 3800
1320 186 1528 227 -7-

419 325 603 373 Utrum
634 337 759 371 vero
790 324 855 370 ab
885 323 1000 382 ipso
1030 324 1213 370 Plauto
1258 324 1505 383 prologus
1549 324 1750 370 fabulae
1782 325 2100 383 praemissus
2144 324 2298 372 fuerit
2327 338 2504 380 necne,
2551 325 2652 372 nisi

203 413 267 445 ex
296 400 403 444 tota
430 397 596 455 ipsius
627 396 829 443 fabulae
859 396 1030 442 indole
1062 399 1214 456 atque
1237 395 1607 454 compositione
1639 397 1882 454 cognosci
1913 412 2013 443 non
2037 400 2224 456 potest.
2287 397 2405 444 Jam
2427 396 2653 444 vidimus

201 467 573 529 expositionem
593 480 765 515 rerum
785 468 902 514 ante
923 468 1153 514 actarum
1181 469 1270 514 aut
1289 466 1504 526 prologo
1535 470 1771 525 separato
1807 470 1895 513 aut
1928 467 1981 514 in
2005 467 2148 516 initio
2169 467 2373 516 fabulae
2410 467 2649 528 personis

201 539 312 589 eius
333 538 575 588 tributam
594 538 769 588 fuisse.
830 538 999 599 Atque
1039 537 1166 587 illud
1187 538 1394 600 quidem
1417 541 1523 587 tum
1543 537 1648 586 fere
1670 552 1786 587 esse
1808 537 1996 586 factum
2017 542 2417 588 consentaneum
2438 542 2533 597 est,
2566 540 2652 587 vel

201 626 318 661 cum
348 611 582 672 longiora
611 624 767 672 quam
796 623 930 672 quae
959 609 1014 658 in
1044 610 1217 659 fabula
1245 610 1360 670 ipsa
1390 614 1506 670 apte
1537 610 1825 658 invenirent
1861 611 2031 673 locum
2058 613 2141 659 vel
2173 626 2290 660 cum
2329 612 2498 673 magis
2529 625 2649 660 con-

198 687 332 733 torta
347 695 498 744 quam
518 696 649 744 quae
666 696 770 731 una
791 681 992 730 fabulae
1006 695 1228 743 persona
1243 685 1422 742 posset
1437 682 1567 731 scire
1585 682 1867 730 enarranda
1883 687 2038 730 erant
2073 682 2202 731 Sunt
2220 684 2461 732 nimirum
2476 683 2566 745 qui
2585 684 2651 731 ad

199 756 445 816 plurimas
492 755 693 803 fabulas
723 755 1000 811 Plautinas,
1044 755 1188 803 velut
1231 755 1297 802 ad
1342 754 1764 813 Amphitruonem
1808 755 2136 814 Rudentem¹)
2166 756 2305 813 alias,
2357 758 2536 816 utpote
2584 770 2650 804 ex

199 828 388 889 quibus
418 827 548 886 ipsis
581 830 697 874 ante
727 829 841 874 acta
871 826 1116 886 cognosci
1146 829 1374 886 possent,
1406 826 1650 886 prologos
1681 840 1785 873 non
1816 826 2138 874 necessarios
2159 841 2275 875 esse
2303 840 2474 888 neque
2494 840 2648 888 prop·

197 902 349 946 terea·
368 912 399 945 a
428 898 611 945 Plauto
643 897 862 956 scriptos
911 898 1232 946 contendant.
1294 898 1362 944 At
1406 898 1504 945 hoc
1534 896 1624 944 vix
1655 900 1947 944 nostrorum
1985 901 2249 956 poetarum
2297 902 2389 955 est,
2436 899 2646 946 minime

195 971 426 1017 veterum
459 971 568 1016 erat
597 981 628 1016 a
659 968 1008 1028 spectantibus
1046 967 1321 1028 postulare,
1366 971 1424 1015 ut
1469 981 1533 1015 ex
1581 967 1799 1028 singulis
1849 967 2049 1015 indiciis
2095 967 2178 1014 hic
2224 968 2325 1016 illic
2369 969 2648 1017 interiectis

196 1053 289 1100 per
318 1043 581 1101 totamque
611 1039 834 1088 fabulam
867 1039 1128 1100 dispersis,
1169 1039 1358 1100 quibus
1389 1053 1491 1088 non
1522 1040 1576 1088 id
1607 1040 1856 1100 agebatur
1884 1042 1943 1087 ut
1987 1039 2058 1086 illi
2107 1040 2295 1088 diserte
2327 1042 2646 1098 docerentur,

196 1113 293 1161 sed
325 1125 457 1173 quae
496 1114 694 1160 tantum
739 1111 792 1159 111
822 1111 1040 1160 transitu
1085 1114 1239 1172 atque
1269 1123 1364 1171 per
1410 1112 1576 1160 datam
1625 1111 2054 1171 opportunitatem
2103 1114 2643 1171 commemorabantur,

196 1197 313 1232 cum
342 1183 513 1233 studio
536 1196 596 1231 ac
625 1183 800 1231 labore
821 1196 954 1245 (11166
975 1187 1092 1232 61116
1123 1183 1348 1231 fabulam
1367 1183 1533 1243 ipsam
1554 1187 1730 1231 essent
1750 1187 1862 1230 acta
1884 1183 2193 1243 colligerent.
2257 1183 2406 1242 Quod
2437 1185 2646 1245 quidem

198 1259 335 1304 certe
364 1267 518 1305 nemo
550 1255 639 1316 qui
659 1256 990 1316 prologorum
1021 1254 1217 1303 ratione
1249 1257 1437 1303 attente
1468 1255 1638 1302 habita
1671 1268 1851 1302 omnes
1871 1255 2039 1302 Plauti
2063 1256 2353 1303 comoedias
2368 1257 2645 1317 perlegerit

193 1341 296 1376 non
336 1328 596 1376 concedat.
659 1327 796 1388 Ergo
844 1328 889 1376 si
935 1328 1206 1389 prologum
1253 1327 1340 1388 qui
1389 1328 1673 1387 argumenti
1711 1327 2000 1374 narratione
2041 1329 2195 1374 modo
2227 1328 2483 1388 descripta
2524 1342 2645 1376 con-

192 1400 413 1446 tineatur
441 1401 507 1446 ad
528 1400 751 1446 fabulam
781 1400 1103 1459 maximeque
1125 1400 1339 1458 primam
1363 1400 1473 1446 eius
1495 1413 1702 1446 scenam
1723 1400 2117 1458 intellegendam
2139 1400 2486 1447 necessarium
2507 1415 2642 1456 esse,

192 1471 242 1518 in
275 1470 448 1518 fabula
480 1473 648 1518 autem
680 1470 794 1529 ipsa
825 1484 913 1518 eas
943 1470 1130 1530 respici
1181 1484 1266 1532 res
1299 1484 1430 1530 quae
1461 1470 1560 1518 nisi
1592 1484 1656 1518 ex
1688 1471 1902 1530 prologo
1935 1484 1966 1517 a
1997 1470 2370 1530 spectatoribus
2402 1485 2503 1519 non
2539 1471 2650 1520 sint

193 1542 397 1601 cognita
433 1553 712 1601 possumus
744 1542 990 1600 probare:
1037 1543 1190 1590 talem
1230 1543 1499 1602 prologum
1535 1542 1819 1602 genuinum
1848 1542 2089 1598 iudicare,
2137 1542 2236 1590 nisi
2283 1542 2409 1590 aliae
2458 1556 2645 1591 causae

192 1613 394 1670 obsunt,
445 1626 512 1660 ne
559 1612 864 1661 dubitemus.
946 1613 1139 1661 Verum
1188 1613 1242 1661 in
1289 1614 1388 1661 1106
1438 1627 1653 1660 examen
1721 1641 1779 1647 —
1843 1614 1894 1661 id
1937 1615 2074 1674 quod
2121 1613 2241 1660 huic
2302 1614 2646 1662 dissertationi

191 1685 510 1745 propositum
542 1688 621 1733 est
666 1712 725 1718 —
772 1685 1072 1745 priusquam
1102 1685 1335 1745 singulos
1366 1687 1608 1745 prologos
1639 1698 1900 1741 vocemus
1947 1699 2049 1732 non
2089 1685 2367 1745 pessumus
2399 1687 2498 1733 hoc
2528 1687 2644 1734 1060

191 1770 253 1804 66
282 1756 470 1805 indicia
498 1770 602 1804 11011
633 1757 811 1816 paucis
842 1756 1083 1817 persequi
1113 1756 1300 1817 quibus
1331 1757 1604 1805 nonnullos
1637 1757 1966 1816 prolog-orum
1997 1758 2139 1816 locos
2172 1757 2376 1816 spurios
2408 1770 2525 1805 esse
2547 1770 2642 1817 pro

191 1830 329 1876 certo
357 1827 621 1876 habemus

407 1899 595 1949 Omitto
624 1911 734 1947 rem
754 1899 1016 1948 metricam
1038 1903 1089 1948 et
1111 1912 1411 1958 sermonem,
1444 1900 1634 1961 quippe
1662 1913 1794 1961 (11166
1815 1903 1919 1948 16111
1951 1911 2110 1960 prope
2132 1901 2197 1948 ad
2219 1900 2642 1948 consuetudinem

189 1971 476 2019 Plautinam
506 1971 658 2018 etiam
687 1971 740 2018 in
770 1971 1008 2019 versibus
1039 1972 1308 2031 posteriori
1329 1973 1480 2019 aetati
1511 1975 1651 2019 certo
1672 1973 1859 2020 iudicio
1892 1972 2177 2019 tribuendis
2209 1973 2466 2028 accedant,
2499 1977 2556 2019 ut
2577 1986 2640 2018 ex

190 2042 264 2090 eis
295 2042 400 2089 fere
434 2041 724 2090 diiudicatio
755 2042 866 2090 fieri
897 2056 1000 2090 non
1021 2043 1196 2102 possit.
1260 2043 1389 2090 Tum
1410 2043 1548 2104 quod
1570 2044 1749 2090 attinet
1779 2045 1843 2090 ad
1865 2056 1950 2091 res
1972 2044 2246 2090 theatrales
2277 2047 2417 2090 totus
2441 2045 2640 2102 pendeo

188 2127 252 2161 ex
283 2114 541 2162 luculenta
585 2114 671 2162 illa
717 2117 869 2176 atque
897 2118 1135 2163 accurata
1163 2115 1426 2163 Ritschelii
1470 2115 1566 2162 viri
1614 2115 1897 2163 doctissimi
1929 2114 2327 2175 disputationem
2377 2128 2479 2175 qua
2523 2118 2641 2161 ante

187 2198 378 2233 annum
409 2190 497 2232 608
528 2185 720 2234 Romae
751 2187 980 2235 nondum
1010 2187 1204 2246 gradus
1227 2187 1278 2234 in
1300 2187 1496 2234 theatro
1519 2190 1844 2235 constructos
1874 2187 2036 2234 fuisse
2065 2187 2120 2233 in
2151 2187 2340 2247 quibus
2362 2188 2639 2243 sederetur,

188 2257 281 2304 sed
311 2257 571 2304 Romanos
603 2260 797 2305 stantes
826 2258 978 2306 ludos
1011 2261 1275 2318 spectasse
1305 2258 1404 2306 nisi
1449 2258 1547 2317 ipsi
1592 2259 1746 2306 sellas
1778 2272 1956 2306 secum
1986 2259 2225 2322 tulissent
2257 2258 2636 2305 demonstravit.

403 2329 553 2387 Quod
599 2332 769 2376 autem
799 2329 1148 2389 Ritscheliusv
1179 2331 1420 2390 prologos
1451 2330 1716 2378 Asinariae
1765 2330 1981 2378 Casinae
2026 2331 2470 2378 Menaechmorum
2507 2331 2637 2376 Mer-

187 2400 371 2449 catoris
403 2400 645 2449 Pseudoli
686 2400 963 2458 Trinummi
996 2401 1286 2450 Truculenti
1330 2402 1659 2462 prologorum
1706 2402 2123 2450 Terentianorum
2169 2401 2402 2461 analogia
2450 2397 2636 2449 ductus

186 2472 496 2520 adulterinos
529 2485 646 2521 esse
678 2477 854 2521 censet
882 2476 1091 2534 propter
1121 2475 1285 2521 solam
1314 2473 1531 2521 nominis
1554 2478 1736 2533 poetae
1756 2474 2082 2531 mentionem,
2115 2473 2400 2520 consentire
2432 2486 2550 2519 cum
2573 2486 2636 2519 eo

184 2544 324 2591 nullo
369 2544 523 2592 modo
561 2557 857 2604 possumne.
918 2544 1198 2593 Videamus
1228 2545 1330 2592 iam
1361 2558 1528 2606 quam·
1556 2545 1806 2593 rationem
1838 2545 2101 2593 Terentius
2150 2545 2203 2592 in
2247 2544 2473 2604 prologis
2524 2544 2634 2592 suis

185 2615 566 2663 conscribendis
613 2617 844 2665 tenuerit.
905 2617 964 2663 In
1011 2617 1260 2665 omnibus
1298 2618 1432 2664 6111111
1476 2617 1704 2677 prologis
1751 2631 1939 2664 nomen
1985 2617 2199 2673 fabulae,
2250 2616 2387 2675 quod
2432 2619 2637 2675 praeter

183 2686 543 2735 Phormionem
575 2714 633 2721 —
678 2688 732 2735 id
763 2688 899 2748 quod
932 2687 1120 2735 diserte
1153 2691 1574 2736 commemoratur
1620 2715 1679 2721 —
1725 2688 1861 2736 idem
1893 2691 1972 2735 est
2003 2691 2153 2747 atque
2186 2687 2403 2746 exempli
2436 2686 2631 2742 Graeci,

182 2756 236 2804 in
270 2758 465 2807 Andria
510 2762 561 2807 et
606 2760 856 2808 Eunucho
904 2773 1090 2807 nomen
1134 2764 1316 2820 poetae
1354 2759 1547 2817 Graeci,
1593 2761 1734 2807 nullo
1781 2761 1894 2806 loco
1942 2773 2093 2807 suum
2139 2758 2342 2818 profert.
2404 2758 2483 2805 Ex
2529 2772 2632 2818 quo

181 2829 463 2891 Dziatzko⁴)
495 2845 592 2880 suo
621 2832 732 2880 iure
764 2831 983 2893 collegit,
1018 2845 1165 2891 „cum
1193 2832 1391 2880 fabulas
1422 2832 1507 2879 illo
1538 2835 1766 2893 tempore
1797 2831 2090 2879 incredibile
2122 2830 2188 2877 sit
2225 2833 2480 2890 spectatas
2513 2844 2633 2877 6666

181 2905 553 2961 spectatoribus
583 2908 850 2965 poetarum
880 2904 1087 2951 nomina
1115 2906 1266 2965 plane
1296 2905 1647 2966 ignorantibus
1681 2909 1731 2951 et
1760 2906 2001 2964 prologos
2024 2917 2231 2962 operam
2251 2903 2458 2949 dedisse
2480 2903 2632 2950 alicui

180 2978 360 3033 poetae
391 2978 794 3026 commendando
826 2976 1039 3037 eiusque
1085 2990 1294 3026 causam
1325 2981 1499 3025 contra
1529 2976 1654 3023 alios
1687 2980 1865 3036 poetas
1909 2975 2093 3035 egisse,
2141 2974 2187 3021 si
2218 2974 2265 3021 ei
2296 2974 2383 3034 qui
2421 2975 2635 3022 aderant

400 3098 429 3148 ι)
457 3095 676 3139 Praetereo
704 3096 971 3150 quaestiones
1011 3096 1103 3139 illas
1131 3095 1340 3139 Plautinas
1369 3095 1500 3147 (Halle
1532 3097 1664 3147 1873),
1707 3093 1858 3148 quibus
1886 3092 2127 3136 Martinsius
2155 3092 2420 3136 similitudine
2448 3094 2631 3148 quadam

180 3156 284 3199 inter
302 3158 458 3214 aliquot
484 3161 756 3216 prologorum
776 3164 816 3204 61
833 3161 1065 3204 tabularum
1093 3161 1277 3217 ipsarum
1303 3172 1452 3203 versus
1479 3159 1753 3202 intercedente
1781 3157 1969 3200 confisus
1996 3157 2088 3200 aliis
2113 3158 2370 3212 argumentis
2389 3170 2475 3200 non
2495 3159 2632 3201 allatis

178 3225 340 3276 praeter
367 3223 635 3280 Captivorum
663 3230 703 3270 et
734 3226 905 3270 Poenuli
933 3226 1056 3270 etiam
1089 3226 1400 3282 Amphitruonis
1443 3228 1483 3268 61
1509 3223 1707 3267 Rudentis
1734 3223 1937 3278 prologos
1965 3235 1991 3266 a
2017 3221 2163 3266 Plauto
2206 3223 2506 3267 abiudicandos
2533 3235 2634 3268 6666

178 3286 270 3338 sibi,
311 3288 383 3331 vix
424 3290 549 3334 credo
590 3291 658 3335 alii
684 3292 901 3348 persuasit.
959 3295 992 3345 ²)
1020 3302 1181 3347 parerg.
1210 3291 1338 3335 Plaut-
1367 3294 1408 3334 et
1435 3289 1594 3334 Terent.
1637 3301 1678 3345 p.
1721 3291 1801 3332 209
1843 3300 1934 3343 sqq.
2006 3290 2039 3339 ⁸.)
2067 3300 2232 3344 parerg.
2273 3301 2315 3344 p.
2345 3292 2437 3333 233.
2508 3292 2541 3343 ⁴)
2569 3288 2635 3333 De

176 3354 280 3407 prol.
309 3353 438 3397 Plaut.
481 3358 522 3398 61
548 3356 711 3401 Terent.
741 3361 899 3413 quaest.
942 3358 1016 3400 sel.
1044 3368 1085 3412 p.
1115 3361 1141 3398 3
1168 3356 1357 3407 (Bonnae
1389 3359 1519 3408 186³).
