3037 3800
273 336 553 400 proposuit,
600 335 895 396 digreditur,
943 335 1132 396 quippe
1163 336 1352 400 quibus
1382 336 1560 396 nequ&
1573 338 1674 383 ‘cur
1702 337 1901 396 prologi
1945 341 2118 396 partes
2165 337 2278 384 seni
2324 337 2521 384 dederit
2556 351 2726 397 neque

275 407 414 470 qaod
441 407 528 455 ille
556 407 698 455 venit
727 410 961 467 exponat.
1023 407 1346 468 Quamquam
1375 411 1438 454 ea‘
1467 406 1720 467 digressio
1750 419 1854 466 qua
1897 411 2140 467 tanquam
2170 407 2419 468 prooemii
2448 408 2571 475 loco·
2599 421 2724 455 non-

273 480 415 530 n‘una
444 479 510 527 de
538 477 713 526 fabula
739 478 854 538 ipsa
885 477 1201 538 explicentur
1229 491 1444 538 prorsus
1473 478 1525 525 in
1557 478 1927 526 consuetudine
1948 479 2248 527 Terentiana
2277 484 2358 527 est
2386 476 2568 538 posita.
2632 480 2724 526 Le-

273 551 445 614 gimus
477 549 614 598 enim
642 549 695 597 in
726 549 821 597 An.
852 549 979 610 prol.
1011 554 1040 595 8
1071 561 1198 610 sqq:

560 632 710 685 Nunc
741 645 897 695 quam
925 646 1036 681 rem
1065 631 1188 681 vitio
1220 632 1342 682 dent
1371 645 1564 693 quaeso
1594 632 1821 681 animum
1853 633 2114 682 advortite.

560 705 838 768 Menander
863 704 983 753 fecit
1011 705 1258 754 Andriam
1289 708 1340 753 et
1369 704 1679 753 Perinthiam
1711 709 1803 753 etc.
1877 740 1883 743 -

491 789 596 839 Sed
625 803 673 838 v.
709 794 765 837 12
796 790 1034 838 demum:

560 862 707 923 Quae
735 874 1021 909 convenere
1051 861 1105 909 in
1136 862 1382 910 Andriam
1415 875 1480 909 ex
1511 861 1769 909 Perinthia

558 932 770 980 Fatetur
799 932 1122 981 transtulisse
1154 935 1306 994 atque
1337 946 1491 980 usum
1521 947 1613 992 pro
1647 932 1756 980 suis
1788 937 1881 979 etc.

272 1007 338 1055 ad
368 1019 480 1053 rem.
507 1004 673 1064 ipsam
705 1018 859 1064 quam
889 1003 1013 1052 vitio
1045 1005 1169 1052 dent
1197 1009 1350 1064 poeta
1379 1005 1571 1052 transit.

489 1087 650 1134 Porro
681 1086 901 1146 legimus
930 1087 984 1134 in
1014 1087 1137 1135 Hec.
1169 1087 1329 1134 altero
1358 1088 1571 1146 prologo
1603 1101 1650 1134 v.
1684 1092 1742 1132 20
1775 1101 1901 1146 sqq:

559 1158 710 1207 Nunc
741 1158 864 1218 quid
894 1161 1066 1218 petam
1096 1171 1212 1208 mea
1243 1171 1400 1207 causa
1430 1171 1592 1218 aequo
1623 1158 1794 1206 animo
1827 1158 2098 1206 adtendite.

559 1229 814 1288 Hecyram
847 1229 914 1278 ad
944 1243 1042 1278 vos
1071 1230 1238 1280 refero
1268 1243 1423 1290 quam
1452 1230 1574 1278 mihi
1606 1243 1699 1290 per
1730 1230 1988 1278 silentium

559 1301 833 1360 Nunquam
864 1314 1020 1361 agere
1049 1301 1241 1354 licitum
1275 1304 1356 1349 est
1385 1304 1479 1349 etc.

490 1384 591 1433 Sed
621 1384 741 1433 inde
772 1399 804 1431 a
833 1400 882 1432 v,
915 1390 972 1432 38
1005 1386 1212 1434 demum
1243 1385 1366 1446 quid
1396 1388 1536 1445 petat
1566 1385 1717 1434 dicit:

552 1457 726 1504 Nolite
756 1457 926 1506 sinere
954 1471 1049 1518 per
1077 1471 1174 1506 vos
1205 1461 1367 1506 artem
1398 1458 1647 1506 musicam

558 1529 805 1576 Recidere
836 1531 900 1578 ad
930 1543 1155 1589 paucos:
1185 1530 1335 1579 facite
1367 1534 1460 1576 etc.

454 1630 458 1632 ’
485 1614 719 1672 Denique
749 1614 802 1660 in
833 1615 1037 1660 Phorm.
1070 1615 1194 1674 prol.
1228 1619 1286 1660 25
1318 1627 1427 1674 sqq.
1461 1614 1536 1661 sie
1565 1614 1817 1672 legimus:

557 1686 708 1731 Nunc
739 1687 860 1744 quid
892 1686 1047 1733 velim
1079 1686 1302 1733 animum
1334 1688 1605 1734 adtendite.
1653 1689 1883 1745 Adporto
1915 1702 2115 1742 novam,

489 1796 497 1803 .
556 1757 1019 1816 Epidicazomenon
1051 1772 1207 1817 quam
1237 1762 1423 1805 vocant
1455 1759 1773 1806 comoediam

557 1827 738 1877 Graeci
770 1832 863 1878 etc.

485 1912 588 1961 Sed
618 1912 738 1960 inde
770 1928 801 1960 a
823 1929 871 1961 v.
906 1919 960 1959 31
996 1914 1231 1962 demum:

555 1984 686 2033 Date
718 1998 955 2044 operam:
988 1985 1162 2034 adeste
1195 1998 1359 2045 aequo
1392 1985 1560 2034 animo
1590 1999 1686 2045 per
1717 1986 1972 2053 silentium
2007 1989 2124 2034 ete:
2166 1986 2187 2021 ‘2

267 2054 389 2114 quid
420 2055 544 2104 velit
573 2056 879 2116 pronuntiat.

480 2128 654 2188 Itaque
685 2129 879 2177 ratione
910 2128 1165 2198 simillima
1195 2129 1347 2178 etiam
1377 2129 1431 2178 in
1452 2130 1630 2179 Heaut.
1662 2132 1878 2191 prologo
1901 2130 2166 2178 Terentius
2186 2134 2305 2190 post
2326 2144 2438 2178 eam
2471 2131 2714 2190 digressi·

266 2224 414 2258 onem
448 2225 579 2272 quae
609 2226 658 2260 v.
691 2217 810 2259 4——9
843 2212 1130 2262 continetur
1158 2227 1206 2261 v.
1244 2217 1327 2261 10:

526 2297 677 2344 Nunc
710 2298 1041 2357 quamobrem
1072 2299 1167 2346 has
1198 2298 1356 2358 partis
1389 2299 1651 2346 didicerim
1682 2299 1861 2358 paucis
1895 2299 2040 2347 dabo.

263 2380 329 2426 ad
358 2381 678 2439 propositum
708 2382 852 2428 redit.
915 2382 1135 2440 Exponit
1165 2382 1302 2429 enim
1332 2382 1450 2430 inde
1483 2397 1513 2429 a
1542 2398 1588 2429 v.
1625 2389 1802 2428 11—15
1835 2397 1891 2430 se
1923 2382 2123 2453 prologi
2152 2385 2325 2440 partes
2355 2382 2470 2429 ideo
2491 2382 2599 2429 seni
2624 2383 2709 2429 de·

264 2450 402 2499 disse
435 2452 555 2512 quia
587 2467 704 2501 eum
737 2456 1002 2511 oratorem,
1034 2467 1138 2501 non
1169 2454 1441 2514 prologum
1473 2468 1588 2502 esse
1619 2454 1879 2502 voluisset.
1944 2455 2071 2501 Tum
2100 2453 2219 2502 inde
2251 2467 2283 2500 a
2313 2467 2360 2501 v.
2397 2458 2451 2499 16
2485 2467 2610 2514 sqq:

549 2537 682 2584 Nam
714 2538 851 2597 quod
882 2550 1115 2585 rumores
1149 2537 1456 2586 distulerunt
1484 2538 1733 2594 malevoli,

549 2610 735 2656 Multas
768 2609 1141 2657 contaminasse
1175 2609 1399 2657 Graecas
1432 2614 1525 2657 etc.

260 2703 316 2737 re
347 2705 471 2739 vera
501 2694 566 2740 ad
596 2693 649 2740 id
681 2694 818 2752 quod
846 2693 1092 2752 prologus
1124 2693 1265 2741 venit
1293 2693 1323 2740 i.
1346 2707 1389 2741 e.
1422 2695 1486 2741 ad
1517 2693 1680 2752 ipsam
1702 2693 1978 2740 orationem
2010 2693 2191 2740 transit
2211 2706 2364 2751 quam
2384 2692 2468 2738 ille
2491 2693 2708 2739 oratoris

261 2775 472 2810 munere
502 2764 725 2824 fungens
756 2765 1024 2812 habiturus
1057 2774 1148 2812 est.
1210 2765 1385 2826 Itaque
1419 2766 1463 2813 si
1483 2768 1673 2813 rectam
1697 2765 1997 2812 adhibemus
2018 2763 2500 2823 interpretationem,
2535 2764 2708 2810 omnia

260 2831 312 2879 in
343 2833 442 2882 hoc
471 2835 687 2896 prologo
719 2835 981 2895 aptissime
1015 2836 1150 2883 coire
1180 2835 1540 2898 intellegimus,

475 2919 626 2969 Nunc
657 2921 851 2969 ratione
900 2934 1053 2981 quam
1086 2921 1351 2970 Terentius
1400 2921 1463 2969 de
1494 2920 1693 2970 indiciis
1741 2924 1791 2968 et
1821 2920 2019 2968 fabulae
2051 2923 2101 2966 et
2147 2921 2328 2979 poetae
2375 2918 2427 2966 in
2473 2919 2706 2980 prologis

259 2989 368 3037 suis
402 2995 611 3040 secutus
644 2993 711 3040 sit
741 2993 1026 3041 accuratius
1056 2997 1328 3053 perspecta
1358 2993 1689 3053 experiamur,
1722 2993 1844 3052 quid
1875 3006 1902 3039 e
1934 2991 2162 3051 prologis
2193 2991 2481 3038 fabularum
2512 2991 2703 3039 Plauti-

257 3067 439 3111 narum
469 3063 522 3112 in
554 3065 735 3114 eodem
756 3078 946 3125 genere
968 3078 1147 3114 eruere
1178 3064 1453 3126 possimus.
1515 3065 1618 3112 Iam
1636 3067 1846 3124 apparet
1865 3062 2199 3111 Ritschelium
2219 3062 2361 3110 nullo
2382 3062 2492 3111 iure
2515 3063 2705 3124 egisse,
2760 3076 2763 3078 ·

259 3132 304 3180 si
334 3147 438 3183 una
468 3137 838 3186 consuetudine
870 3137 1170 3187 Terentiana
1200 3139 1387 3187 ductus
1418 3150 1594 3186 omnes
1624 3136 1868 3197 prologos
1899 3136 1952 3184 in
1983 3136 2173 3197 quibus
2203 3135 2425 3184 nominis
2448 3135 2615 3183 Plauti
2647 3135 2707 3183 fit

257 3206 446 3256 mentio
478 3209 752 3258 damnavit.
815 3208 983 3258 Causa
1012 3209 1241 3269 profecto
1270 3211 1411 3259 nulla
1442 3212 1522 3258 est
1552 3222 1642 3257 cur
1673 3209 1854 3256 Plauto
1900 3221 2004 3256 non
2033 3207 2234 3255 licuerit
2279 3207 2334 3255 id
2365 3208 2532 3255 facere
2565 3210 2706 3268 quod

258 3277 521 3329 Terentius
554 3281 766 3330 consilio
799 3281 1004 3330 vitabat.
1065 3282 1247 3342 Neque
1278 3282 1455 3342 negari
1485 3284 1654 3341 potest
1685 3294 1864 3339 reapse
1896 3281 2135 3327 Plautum
2181 3280 2481 3328 occasiones
2515 3280 2705 3345 quibus

255 3361 443 3399 nomen
475 3352 627 3401 suum
656 3354 846 3414 populo
879 3354 1258 3402 commendaret
1286 3365 1650 3413 nonnunquam
1680 3366 1783 3400 non
1810 3352 2230 3412 praetermisisse.
2294 3351 2521 3411 Simplex
2548 3352 2708 3412 igitur

2558 3460 2604 3497 2⁴·
