3037 3800
1363 203 1608 244 —13-

247 343 387 390 haud
421 342 529 390 scio
561 356 628 389 an
657 339 1035 400 miutiloquium
1064 339 1194 387 illud
1224 353 1328 401 quo
1360 340 1616 389 Guarinus
1643 340 1698 389 in
1729 342 2033 399 argumento
2083 339 2360 387 narrando
2369 338 2530 396 utitur
2558 337 2711 387 fuerit

249 426 422 461 causa.
485 415 664 473 Neque
695 412 806 458 fieri
837 411 1070 470 potuisse
1100 414 1412 472 negaverim,
1461 416 1520 459 ut
1547 411 1728 459 histrio
1771 411 1961 471 aliquis
2005 423 2125 458 cum
2162 410 2489 492 argumenti
2500 410 2751 474 uma:

249 485 450 545 copiam
480 484 622 532 initio
655 484 767 531 eius
799 482 1108 530 contrariam
1138 485 1361 544 quodam
1391 485 1546 532 modo
1568 495 1685 531 esse
1704 481 2056 543 perspexisset
2075 493 2138 528 eo
2157 481 2293 542 ipse
2291 476 2725 541 commoverem-

250 559 300 605 et
332 568 518 605 versus
548 555 679 603 istos
710 555 795 602 vel
825 554 941 615 ipse
971 558 1298 605 commentus
1324 555 1409 604 vel
1439 555 1646 606 aliunde
1678 567 1744 604 ex
1761 557 1907 616 parte
1927 553 2145 653 tortasse
2162 555 2431 611 mutuatus
2449 564 2551 663 per
2563 562 2709 647 repe·

250 629 370 675 titae
404 628 618 675 aetionis
651 627 1085 686 opportunitatem
1114 627 1366 676 Plautinis
1395 627 1724 682 immisceret.

465 699 631 745 Venio
677 711 817 745 nunc
865 699 931 746 ad
978 702 1258 750 extremam
1303 698 1503 759 prologi
1546 700 1757 759 partem,
1805 710 1959 758 quae
1984 711 2068 744 vv.
2100 701 2316 747 40--110
2342 695 2708 760 compleantur

246 772 462 818 Euarrat
494 770 630 817 enim
662 771 872 831 copiose
906 769 1159 817 Charinus
1189 782 1272 815 vv.
1304 773 1487 815 40—60
1532 782 1589 816 se
1634 768 1919 817 meretricis
1947 781 2121 819 amore
2163 769 2440 825 admodum
2468 767 2725 830 iuvenem„

248 847 451 903 captum
484 855 595 888 rem
626 843 927 892 familiarem
959 841 1243 902 perdidisse
1275 845 1327 886 et
1357 841 1648 901 opprobriis
1676 840 1838 901 patrIs
1868 843 2078 906 propter
2102 840 2362 887 levitatem
2376 839 2708 894 cumulatum

248 928 380 971 esse,
433 909 620 960 deinde
668 928 753 960 vV.
785 919 967 960 61—78
1013 914 1271 973 quomodo
1302 916 1449 973 pater
1480 927 1630 959 suam
1660 912 2062 975 adulescentiam
2106 913 2161 958 in
2205 911 2518 972 parsimonia
2553 915 2709 973 atquo

247 984 477 1047 egestate
509 991 678 1033 actam
711 987 1012 1033 describens
1035 986 1098 1032 ad
1119 984 1384 1031 meliorem
1405 985 1605 1045 frugem
1629 999 1687 1033 se
1706 997 1952 1047 revocare
1972 984 2230 1032 studuerit
2250 983 2451 1044 sibique
2473 983 2708 1040 suaserit,

246 1063 304 1106 ut
333 1059 500 1118 ipsius
532 1059 823 1118 exemplum
857 1058 1084 1106 imitatus
1114 1060 1368 1104 mercator
1396 1071 1508 1105 rem
1538 1057 1790 1118 perditam
1837 1060 2179 1116 recuperaret,
2224 1060 2488 1117 postremo
2531 1070 2617 1105 vv.
2649 1061 2709 1104 ’19

249 1137 396 1176 —108
430 1145 488 1177 se
519 1130 680 1189 patris
714 1131 987 1177 consilium
1018 1133 1252 1178 secutum
1300 1133 1351 1176 et
1382 1143 1500 1176 cum
1530 1129 1848 1184 Acanthione
1879 1143 2048 1185 servo,
2096 1143 2198 1189 quo
2243 1130 2550 1190 paedagogo
2579 1143 2711 1189 puer
2811 1168 2817 1173 .

248 1217 376 1250 usus
409 1203 478 1249 sit
516 1217 773 1261 quemque
815 1204 1081 1249 custodem
1113 1215 1267 1248 suum
1299 1216 1417 1249 esse
1469 1205 1615 1260 pater
1658 1201 1879 1249 voluerit
1908 1201 2148 1249 Rhodum
2178 1200 2299 1248 navi
2328 1203 2535 1249 vectum
2565 1200 2709 1249 lucro

246 1274 441 1333 ingenti
474 1274 607 1321 facto
643 1273 840 1333 grande
869 1269 1133 1333 paravisse
1166 1273 1442 1332 peculium,
1470 1277 1580 1320 tum
1611 1273 1678 1320 ab
1707 1271 1911 1332 hospite
1942 1272 2166 1333 quodam
2193 1272 2416 1333 benigne
2437 1275 2710 1336 exceptum

246 1345 513 1393 mulierem
545 1345 941 1404 pulcherrimam
972 1344 1043 1391 illi
1076 1344 1387 1399 servientem
1435 1344 1743 1404 cognovisse
1791 1346 2034 1404 tantoque
2081 1343 2194 1392 eius
2225 1357 2399 1391 amore
2436 1343 2707 1392 incensum

246 1430 364 1465 esse
398 1420 455 1464 ιιι
486 1430 601 1464 eam
634 1419 840 1464 emeret.
905 1415 1071 1474 Quam
1117 1430 1227 1463 rem
1273 1429 1339 1464 ne
1386 1418 1533 1476 pater
1562 1414 1808 1465 resciscat
1853 1414 1954 1464 sibi
1985 1415 2273 1463 cavendum
2314 1427 2446 1463 esse.
2509 1414 2706 1464 Versus

250 1494 422 1535 109—-1
434 1495 489 1535 10
521 1490 589 1536 ad
619 1489 974 1548 insequentem
1007 1489 1305 1536 comoediae
1335 1488 1553 1548 primam
1586 1502 1794 1546 scenam
1825 1487 2112 1548 traducunt.
2543 1483 2548 1486 ’

465 1561 610 1618 Quae
641 1560 864 1608 narratio
893 1560 1169 1609 scitissime
1201 1575 1266 1608 ex
1289 1560 1528 1608 omnibus
1548 1558 1782 1619 partibus
1809 1559 2176 1620 aptissimeque
2204 1560 2339 1608 facta
2368 1563 2462 1617 est,
2493 1559 2706 1608 uberius

246 1634 455 1692 quidem
485 1633 640 1693 paulo
673 1636 824 1692 atque
857 1632 1093 1692 ampliuS,
1147 1633 1241 1681 sed
1272 1646 1487 1692 prorsus
1531 1631 1599 1679 'ex
1630 1630 1976 1680 adulescentis
2007 1631 2222 1692 eiusque
2254 1631 2496 1680 amatoris
2525 1634 2708 1681 natura

246 1709 297 1753 et
327 1704 550 1765 ingeniO,
598 1708 656 1752 ut
704 1718 801 1752 suo
834 1703 1058 1765 quidque
1088 1704 1204 1752 loco
1237 1707 1339 1752 stet
1387 1707 1436 1751 et
1483 1703 1622 1764 quod
1658 1703 1908 1764 prologus
1936 1703 2050 1751 vult
2086 1703 2277 1764 optime
2326 1703 2588 1752 efficiatur.
2649 1703 2707 1752 In

245 1776 425 1837 primis
459 1777 596 1824 enim
628 1790 761 1837 opus
809 1779 890 1825 est
920 1775 1133 1837 copiosa
1163 1775 1249 1824 illa
1297 1775 1473 1824 senilis
1504 1775 1793 1824 severitatis
1825 1778 1976 1837 atque
2009 1775 2319 1824 morositatis
2352 1775 2705 1837 descriptione.

246 1850 389 1907 Quae
425 1847 526 1896 nisi
561 1851 714 1901 esset,
749 1862 841 1896 cur
874 1847 1128 1897 Charinus
1159 1862 1224 1896 ne
1255 1851 1400 1909 pater
1430 1848 1495 1896 de
1528 1846 1789 1895 amoribus
1821 1846 1932 1895 suis
1963 1847 2258 1896 recentibus
2289 1847 2474 1899 certior
2493 1847 2582 1896 fiat
2602 1851 2707 1896 tam

244 1921 395 1968 anxie
430 1924 610 1968 caveat
640 1934 743 1968 non
775 1919 1209 1980 intellegeremus,
1258 1921 1350 1968 sed
1383 1920 1659 1967 deficerent
1688 1919 1861 1979 potius
1892 1919 2041 1980 quasi
2071 1919 2403 1968 fundamenta
2431 1920 2486 1968 in
2517 1920 2706 1981 quibus

244 1992 417 2040 fabula
450 1991 727 2040 constituta
759 1995 852 2039 est.
915 1991 1098 2052 Neque
1145 2005 1277 2051 quae
1311 1991 1532 2040 diximus
1581 2004 1642 2038 eo
1673 1990 1974 2056 refelluntur
2003 1991 2142 2052 quod
2173 1991 2429 2051 Demipho
2461 2005 2621 2040 senex
2652 1992 2707 2040 in

244 2064 418 2112 fabula
448 2063 563 2123 ipsa
594 2077 699 2112 non
731 2063 889 2113 talem
921 2075 980 2112 se
1011 2061 1238 2123 praebet,
1271 2062 1435 2124 qualis
1466 2076 1531 2110 ex
1563 2062 1780 2123 prologo
1800 2061 2106 2112 indicandus
2137 2062 2289 2112 nobis
2321 2066 2414 2120 est,
2445 2062 2545 2123 nisi
2576 2063 2706 2112 forte

243 2135 298 2183 vi
329 2135 520 2184 amoris
554 2148 672 2183 eum
703 2137 1052 2195 permutatum
1083 2134 1339 2196 aliumque
1372 2138 1523 2198 atque
1557 2137 1707 2186 antea
1737 2133 1929 2191 factum
1949 2147 2067 2183 esse
2087 2133 2343 2192 volumus,
2376 2135 2616 2195 quodque
2644 2148 2707 2185 ea

243 2206 376 2256 adeo
407 2220 511 2256 non
543 2220 668 2255 vera
700 2208 834 2264 sunt,
881 2219 1012 2267 quae
1043 2205 1098 2255 in
1125 2206 1342 2267 prologo
1379 2206 1443 2255 de
1475 2205 1811 2268 Demiphonis
1859 2205 2204 2256 adulescentis
2251 2205 2559 2256 continentia
2589 2219 2706 2271 pro-

246 2280 496 2336 feruntur,
530 2278 787 2340 siquidem
815 2278 1072 2339 Demipho
1103 2292 1152 2326 v.
1185 2283 1424 2326 264—265
1455 2278 1569 2339 ipse
1601 2277 1900 2326 confitetur:

685 2349 898 2408 „Amavi
928 2350 1100 2398 hercle
1133 2349 1371 2410 equidem
1400 2362 1499 2410 ego
1532 2349 1653 2397 olim
1682 2350 1736 2396 in
1767 2349 2127 2407 adulescentia,

685 2422 879 2469 Verum
913 2422 980 2469 ad
1009 2423 1108 2469 hoc
1140 2422 1430 2483 exemplum
1463 2435 1739 2482 nunquam,
1772 2425 1829 2468 ut
1858 2435 1996 2469 nunc
2026 2421 2269 2474 insanio.“

244 2494 377 2541 Sunt
423 2495 560 2540 enim
608 2494 696 2553 qui
743 2497 955 2554 propter
984 2495 1115 2541 hanc
1162 2495 1528 2542 sententiarum
1573 2493 1966 2553 discrepantiam
2013 2495 2215 2554 prologi
2261 2495 2602 2542 narrationem
2648 2499 2707 2542 ut

243 2567 584 2614 adulterinam
617 2567 962 2614 condemnent
992 2568 1057 2614 ab
1088 2568 1372 2627 Plautoque
1404 2567 1710 2615 abiudicent.
1773 2565 1877 2614 Sed
1909 2566 1955 2613 si
1985 2566 2215 2614 alterutri
2269 2581 2454 2615 versus
2487 2566 2703 2616 eiciendi

243 2642 379 2696 sunt,
412 2639 615 2699 prologi
662 2638 835 2698 potius
884 2642 942 2686 ut
987 2639 1076 2699 qui
1109 2638 1313 2687 Charini
1358 2639 1606 2687 rationem
1655 2638 1841 2699 agendi
1887 2637 2143 2687 illustrent
2188 2652 2342 2699 quam
2388 2653 2520 2700 quos
2551 2639 2705 2688 modo

244 2710 765 2759 commemoravimus
813 2710 1182 2760 desideremus.
1244 2712 1312 2759 At
1344 2725 1433 2759 eae
1466 2710 1836 2771 discrepantiae
1873 2723 1978 2758 non
2023 2724 2170 2759 rarae
2218 2724 2386 2772 neque
2416 2710 2471 2760 in
2500 2711 2702 2773 prologi

242 2782 741 2842 interpolationibus,
774 2783 868 2831 sed
900 2783 953 2831 in
985 2782 1124 2831 vitiis
1155 2782 1356 2832 fabulae
1389 2782 1771 2843 componendae
1803 2783 2124 2844 maximeque
2147 2796 2348 2832 morum
2368 2797 2706 2844 personarum

244 2853 707 2903 describendorum
756 2854 1079 2915 gravissimis
1127 2856 1448 2915 quaerendae
1496 2858 1630 2903 sunt.
1700 2855 1835 2913 Quid
1882 2856 2020 2915 quod
2066 2855 2321 2916 Demipho
2368 2870 2416 2905 v.
2465 2862 2705 2904 993—994

241 2926 371 2973 haec
405 2926 559 2973 dicit:

540 2997 624 3055 „Si
655 2997 829 3044 hercle
862 2996 1134 3044 scivissem
1166 2998 1276 3046 sive
1307 2999 1438 3046 adeo
1469 2999 1638 3045 ioculo
1671 2998 1886 3046 dixisset
1915 2999 2052 3056 mihi,

539 3069 608 3116 Se
638 3068 779 3114 illam
811 3082 998 3125 amare,
1033 3083 1293 3130 nunquam
1324 3070 1545 3117 facerem
1576 3073 1634 3117 ut
1663 3070 1800 3117 illam
1832 3071 2022 3118 amanti
2052 3071 2406 3119 abducerem.“

242 3140 382 3200 Ergo
413 3139 460 3187 si
492 3139 748 3189 Charinus
781 3154 987 3189 amores
1020 3154 1145 3190 suos
1178 3154 1349 3190 coram
1384 3145 1529 3202 patre
1561 3141 1720 3190 verbo
1753 3141 2021 3203 attigisset,
2072 3146 2180 3191 tota
2210 3143 2383 3193 fabula
2414 3146 2705 3201 corrueret;

246 3212 500 3273 attigisset
531 3216 718 3271 autem,
749 3213 852 3262 nisi
882 3213 1036 3262 timor
1065 3213 1150 3262 ille
1180 3213 1340 3274 patris
1370 3215 1587 3275 prologo
1608 3214 1797 3275 optime
1820 3215 2103 3276 explicatus
2132 3215 2328 3265 fuisset.
2390 3217 2565 3278 Itaque
2587 3229 2707 3266 cum

243 3284 344 3334 alia
376 3288 487 3334 tum
517 3286 648 3334 haec
678 3286 890 3335 ferenda
921 3285 1074 3336 nobis
1105 3288 1240 3345 sunt,
1289 3286 1333 3335 si
1363 3287 1518 3336 modo
1549 3287 1870 3348 interpretari
1899 3293 2118 3348 poetam,
2165 3301 2270 3337 non
2310 3289 2566 3350 corrigere
2614 3301 2703 3338 no-

244 3361 409 3405 strum
442 3358 550 3405 erit.
2597 3392 2603 3396 -
